%%%%
%%%%
%%%%
%%%%
%%%%
%AR
%%%%
%%%%
%%%%
%%%%

%These are exciting times
%239 cites
@article{Steigman:1979kw,
      author         = "Steigman, G.",
      title          = "{Cosmology Confronts Particle Physics}",
      journal        = "Ann. Rev. Nucl. Part. Sci.",
      volume         = "29",
      year           = "1979",
      pages          = "313-338",
      doi            = "10.1146/annurev.ns.29.120179.001525",
      SLACcitation   = "%%CITATION = ARNUA,29,313;%%"
}

%Ever-useful

%222 cites
@article{Abercrombie:2015wmb,
      author         = "Abercrombie, Daniel and Achkurin, Nural and Akilli, Ece and Alcaraz Maestre, Juan and others",
      editor         = "Boveia, Antonio and Doglioni, Caterina and Lowette,
                        Steven and Malik, Sarah and Mrenna, Stephen",
      title          = "{Dark Matter Benchmark Models for Early LHC Run-2
                        Searches: Report of the ATLAS/CMS Dark Matter Forum}",
      year           = "2015",
      eprint         = "1507.00966",
      archivePrefix  = "arXiv",
      primaryClass   = "hep-ex",
      reportNumber   = "FERMILAB-PUB-15-282-CD",
      SLACcitation   = "%%CITATION = ARXIV:1507.00966;%%"
}

%MOVE TO RELATED RESOURCES
@online{DMWG,
 author  = "{LHC Dark Matter Working Group}",
 title   = "{LHC Physics Centre Working Group on Dark Matter Searches at the LHC}",
 year    = "2015",
 urlseen = "10-12-17",
 url     = "http://lpcc.web.cern.ch/content/lhc-dm-wg-wg-dark-matter-searches-lhc",
 note    = "\url{http://lpcc.web.cern.ch/content/lhc-dm-wg-wg-dark-matter-searches-lhc}",
}

%83 cites
@article{Boveia:2016mrp,
      author         = "Boveia, Antonio and Buchmueller, Oliver and Busoni, Giorgio and D'Eramo, Francesco and others",
      editor         = "Boveia, Antonio and Buchmueller, Oliver and Doglioni,
                        Caterina and Hahn, Kristian and Haisch, Ulrich and
                        Kahlhoefer, Felix and Mangano, Michelangelo and McCabe,
                        Christopher and Tait, Tim M. P.",
      title          = "{Recommendations on presenting LHC searches for missing
                        transverse energy signals using simplified $s$-channel
                        models of dark matter}",
      year           = "2016",
      eprint         = "1603.04156",
      archivePrefix  = "arXiv",
      primaryClass   = "hep-ex",
      reportNumber   = "CERN-LPCC-2016-001, FERMILAB-FN-1009-CD",
      SLACcitation   = "%%CITATION = ARXIV:1603.04156;%%"
}

%10 cites
@article{Albert:2017onk,
      author         = "Albert, Andreas and Backovic, Mihailo and Boveia, Antonio and Buchmueller, Oliver and others",
      title          = "{Recommendations of the LHC Dark Matter Working Group:
                        Comparing LHC searches for heavy mediators of dark matter
                        production in visible and invisible decay channels}",
      year           = "2017",
      eprint         = "1703.05703",
      archivePrefix  = "arXiv",
      primaryClass   = "hep-ex",
      reportNumber   = "CERN-LPCC-2017-01",
      SLACcitation   = "%%CITATION = ARXIV:1703.05703;%%"
}

%Other reviews

%MOVE TO RELATED RESOURCES
@article{Kahlhoefer:2017dnp,
      author         = "Kahlhoefer, Felix",
      title          = "{Review of LHC Dark Matter Searches}",
      journal        = "Int. J. Mod. Phys.",
      volume         = "A32",
      year           = "2017",
      number         = "13",
      pages          = "1730006",
      doi            = "10.1142/S0217751X1730006X",
      eprint         = "1702.02430",
      archivePrefix  = "arXiv",
      primaryClass   = "hep-ph",
      reportNumber   = "DESY-17-024",
      SLACcitation   = "%%CITATION = ARXIV:1702.02430;%%"
}

%28 cites
@article{Bernal:2017kxu,
      author         = "Bernal, Nicolas and Heikinheimo, Matti and Tenkanen,
                        Tommi and Tuominen, Kimmo and Vaskonen, Ville",
      title          = "{The Dawn of FIMP Dark Matter: A Review of Models and
                        Constraints}",
      journal        = "Int. J. Mod. Phys.",
      volume         = "A32",
      year           = "2017",
      number         = "27",
      pages          = "1730023",
      doi            = "10.1142/S0217751X1730023X",
      eprint         = "1706.07442",
      archivePrefix  = "arXiv",
      primaryClass   = "hep-ph",
      reportNumber   = "PI-UAN-2017-602FT, HIP-2017-08-TH, PI-UAN--2017--602FT,
                        HIP--2017--08-TH",
      SLACcitation   = "%%CITATION = ARXIV:1706.07442;%%"
}


@article{Kahlhoefer:2018xxo,
      author         = "Kahlhoefer, Felix",
      title          = "{On the LHC sensitivity for non-thermalised hidden
                        sectors}",
      journal        = "Phys. Lett.",
      volume         = "B779",
      year           = "2018",
      pages          = "388-392",
      doi            = "10.1016/j.physletb.2018.02.036",
      eprint         = "1801.07621",
      archivePrefix  = "arXiv",
      primaryClass   = "hep-ph",
      reportNumber   = "TTK-18-03",
      SLACcitation   = "%%CITATION = ARXIV:1801.07621;%%"
}

%maybe better to cite (140 cites)
@article{Baer:2014eja,
      author         = "Baer, Howard and Choi, Ki-Young and Kim, Jihn E. and
                        Roszkowski, Leszek",
      title          = "{Dark matter production in the early Universe: beyond the
                        thermal WIMP paradigm}",
      journal        = "Phys. Rept.",
      volume         = "555",
      year           = "2015",
      pages          = "1-60",
      doi            = "10.1016/j.physrep.2014.10.002",
      eprint         = "1407.0017",
      archivePrefix  = "arXiv",
      primaryClass   = "hep-ph",
      SLACcitation   = "%%CITATION = ARXIV:1407.0017;%%"
}

%%%%
%Intro
%%%%

@article{Bertone:2004pz,
      author         = "Bertone, Gianfranco and Hooper, Dan and Silk, Joseph",
      title          = "{Particle dark matter: Evidence, candidates and
                        constraints}",
      journal        = "Phys. Rept.",
      volume         = "405",
      year           = "2005",
      pages          = "279-390",
      doi            = "10.1016/j.physrep.2004.08.031",
      eprint         = "hep-ph/0404175",
      archivePrefix  = "arXiv",
      primaryClass   = "hep-ph",
      reportNumber   = "FERMILAB-PUB-04-047-A",
      SLACcitation   = "%%CITATION = HEP-PH/0404175;%%"
}



%MOVE TO RELATED RESOURCES
@article{Bertone:2016nfn,
      author         = "Bertone, Gianfranco and Hooper, Dan",
      title          = "{A History of Dark Matter}",
      journal        = "Submitted to: Rev. Mod. Phys.",
      year           = "2016",
      eprint         = "1605.04909",
      archivePrefix  = "arXiv",
      primaryClass   = "astro-ph.CO",
      reportNumber   = "FERMILAB-PUB-16-157-A",
      SLACcitation   = "%%CITATION = ARXIV:1605.04909;%%"
}

%%%%
%Reactions
%%%%

%General

%MOVE TO RELATED RESOURCES
@online{PlehnLecturesDM,
 author         = "Plehn, T",
 title   = "{Yet Another Introduction To Dark Matter}",
 year    = "2017",
 urlseen = "10-12-17",
 url     = "http://www.thphys.uni-heidelberg.de/~plehn/pics/dark_matter.pdf",
 note    = "\url{http://www.thphys.uni-heidelberg.de/~plehn/pics/dark_matter.pdf}",
}

%MFV
%1289 cites
@article{DAmbrosio:2002vsn,
      author         = "D'Ambrosio, G. and Giudice, G. F. and Isidori, G. and
                        Strumia, A.",
      title          = "{Minimal flavor violation: An Effective field theory
                        approach}",
      journal        = "Nucl. Phys.",
      volume         = "B645",
      year           = "2002",
      pages          = "155-187",
      doi            = "10.1016/S0550-3213(02)00836-2",
      eprint         = "hep-ph/0207036",
      archivePrefix  = "arXiv",
      primaryClass   = "hep-ph",
      reportNumber   = "CERN-TH-2002-147, IFUP-TH-2002-17",
      SLACcitation   = "%%CITATION = HEP-PH/0207036;%%"
}

%Z portal
%73 cites
@article{Cotta:2012nj,
      author         = "Cotta, R.C. and Hewett, J.L. and Le, M.P. and Rizzo,
                        T.G.",
      title          = "Bounds on Dark Matter Interactions with Electroweak
                        Gauge Bosons",
      journal        = "Phys.Rev.",
      volume         = "D88",
      pages          = "116009",
      doi            = "10.1103/PhysRevD.88.116009",
      year           = "2013",
      eprint         = "1210.0525",
      archivePrefix  = "arXiv",
      primaryClass   = "hep-ph",
      SLACcitation   = "%%CITATION = ARXIV:1210.0525;%%",
}

%61 cites
@article{Batell:2010bp,
      author         = "Batell, Brian",
      title          = "{Dark Discrete Gauge Symmetries}",
      journal        = "Phys. Rev.",
      volume         = "D83",
      year           = "2011",
      pages          = "035006",
      doi            = "10.1103/PhysRevD.83.035006",
      eprint         = "1007.0045",
      archivePrefix  = "arXiv",
      primaryClass   = "hep-ph",
      reportNumber   = "PI-PARTPHYS-192",
      SLACcitation   = "%%CITATION = ARXIV:1007.0045;%%"
}

%42 cites
@article{Arcadi:2014lta,
      author         = "Arcadi, Giorgio and Mambrini, Yann and Richard, Francois",
      title          = "{Z-portal dark matter}",
      journal        = "JCAP",
      volume         = "1503",
      year           = "2015",
      pages          = "018",
      doi            = "10.1088/1475-7516/2015/03/018",
      eprint         = "1411.2985",
      archivePrefix  = "arXiv",
      primaryClass   = "hep-ph",
      reportNumber   = "LPT-Orsay-13-12, IFT-UAM-CSIC-13-014, UMN-TH-3137-13,
                        FTPI-MINN-13/04",
      SLACcitation   = "%%CITATION = ARXIV:1411.2985;%%"
}

%34 cites
@article{Escudero:2016gzx,
      author         = "Escudero, Miguel and Berlin, Asher and Hooper, Dan and
                        Lin, Meng-Xiang",
      title          = "{Toward (Finally!) Ruling Out Z and Higgs Mediated Dark
                        Matter Models}",
      journal        = "JCAP",
      volume         = "1612",
      year           = "2016",
      pages          = "029",
      doi            = "10.1088/1475-7516/2016/12/029",
      eprint         = "1609.09079",
      archivePrefix  = "arXiv",
      primaryClass   = "hep-ph",
      reportNumber   = "IFIC-16-66, FERMILAB-PUB-16-370-A",
      SLACcitation   = "%%CITATION = ARXIV:1609.09079;%%"
}

%130 cites
@article{deSimone:2014pda,
      author         = "De Simone, Andrea and Giudice, Gian Francesco and
                        Strumia, Alessandro",
      title          = "{Benchmarks for Dark Matter Searches at the LHC}",
      journal        = "JHEP",
      volume         = "06",
      year           = "2014",
      pages          = "081",
      doi            = "10.1007/JHEP06(2014)081",
      eprint         = "1402.6287",
      archivePrefix  = "arXiv",
      primaryClass   = "hep-ph",
      reportNumber   = "CERN-PH-TH-2014-008, SISSA-01-2014-FISI",
      SLACcitation   = "%%CITATION = ARXIV:1402.6287;%%"
}

%241 cites
@article{Aprile:2017iyp,
      author         = "Aprile, E. and others",
      title          = "{First Dark Matter Search Results from the XENON1T
                        Experiment}",
      collaboration  = "XENON",
      journal        = "Phys. Rev. Lett.",
      volume         = "119",
      year           = "2017",
      number         = "18",
      pages          = "181301",
      doi            = "10.1103/PhysRevLett.119.181301",
      eprint         = "1705.06655",
      archivePrefix  = "arXiv",
      primaryClass   = "astro-ph.CO",
      SLACcitation   = "%%CITATION = ARXIV:1705.06655;%%"
}

%97 cites
@article{Kahlhoefer:2015bea,
      author         = "Kahlhoefer, Felix and Schmidt-Hoberg, Kai and Schwetz,
                        Thomas and Vogl, Stefan",
      title          = "{Implications of unitarity and gauge invariance for
                        simplified dark matter models}",
      journal        = "JHEP",
      volume         = "02",
      year           = "2016",
      pages          = "016",
      doi            = "10.1007/JHEP02(2016)016",
      eprint         = "1510.02110",
      archivePrefix  = "arXiv",
      primaryClass   = "hep-ph",
      reportNumber   = "DESY-15-182",
      SLACcitation   = "%%CITATION = ARXIV:1510.02110;%%"
}

%Higgs portal

%475 cites
@article{Patt:2006fw,
      author         = "Patt, Brian and Wilczek, Frank",
      title          = "{Higgs-field portal into hidden sectors}",
      year           = "2006",
      eprint         = "hep-ph/0605188",
      archivePrefix  = "arXiv",
      primaryClass   = "hep-ph",
      reportNumber   = "MIT-CTP-3745",
      SLACcitation   = "%%CITATION = HEP-PH/0605188;%%"
}

%168 cites
@article{Englert:2011yb,
      author         = "Englert, Christoph and Plehn, Tilman and Zerwas, Dirk and
                        Zerwas, Peter M.",
      title          = "{Exploring the Higgs portal}",
      journal        = "Phys. Lett.",
      volume         = "B703",
      year           = "2011",
      pages          = "298-305",
      doi            = "10.1016/j.physletb.2011.08.002",
      eprint         = "1106.3097",
      archivePrefix  = "arXiv",
      primaryClass   = "hep-ph",
      SLACcitation   = "%%CITATION = ARXIV:1106.3097;%%"
}

%310 cites
@article{Djouadi:2011aa,
      author         = "Djouadi, Abdelhak and Lebedev, Oleg and Mambrini, Yann
                        and Quevillon, Jeremie",
      title          = "{Implications of LHC searches for Higgs--portal dark
                        matter}",
      journal        = "Phys. Lett.",
      volume         = "B709",
      year           = "2012",
      pages          = "65-69",
      doi            = "10.1016/j.physletb.2012.01.062",
      eprint         = "1112.3299",
      archivePrefix  = "arXiv",
      primaryClass   = "hep-ph",
      reportNumber   = "DESY-11-240, LPT-ORSAY-11-117",
      SLACcitation   = "%%CITATION = ARXIV:1112.3299;%%"
}

%kill mercilessly
@article{Aad:2012tfa,
      author = "{ATLAS Collaboration}",
      title          = "{Observation of a new particle in the search for the
                        Standard Model Higgs boson with the ATLAS detector at the
                        LHC}",
      collaboration  = "ATLAS",
      journal        = "Phys. Lett.",
      volume         = "B716",
      year           = "2012",
      pages          = "1-29",
      doi            = "10.1016/j.physletb.2012.08.020",
      eprint         = "1207.7214",
      archivePrefix  = "arXiv",
      primaryClass   = "hep-ex",
      reportNumber   = "CERN-PH-EP-2012-218",
      SLACcitation   = "%%CITATION = ARXIV:1207.7214;%%"
}

%kill mercilessly
@article{Chatrchyan:2012xdj,
      author = "{CMS Collaboration}",
      title          = "{Observation of a new boson at a mass of 125 GeV with the
                        CMS experiment at the LHC}",
      collaboration  = "CMS",
      journal        = "Phys. Lett.",
      volume         = "B716",
      year           = "2012",
      pages          = "30-61",
      doi            = "10.1016/j.physletb.2012.08.021",
      eprint         = "1207.7235",
      archivePrefix  = "arXiv",
      primaryClass   = "hep-ex",
      reportNumber   = "CMS-HIG-12-028, CERN-PH-EP-2012-220",
      SLACcitation   = "%%CITATION = ARXIV:1207.7235;%%"
}

%42 cites
@article{Freitas:2015hsa,
      author         = "Freitas, Ayres and Westhoff, Susanne and Zupan, Jure",
      title          = "{Integrating in the Higgs Portal to Fermion Dark Matter}",
      journal        = "JHEP",
      volume         = "09",
      year           = "2015",
      pages          = "015",
      doi            = "10.1007/JHEP09(2015)015",
      eprint         = "1506.04149",
      archivePrefix  = "arXiv",
      primaryClass   = "hep-ph",
      reportNumber   = "PITT-PACC-1507",
      SLACcitation   = "%%CITATION = ARXIV:1506.04149;%%"
}

%Simplified models, general
%406 cites
@article{Fox:2011pm,
      author         = "Fox, Patrick J. and Harnik, Roni and Kopp, Joachim and
                        Tsai, Yuhsin",
      title          = "{Missing Energy Signatures of Dark Matter at the LHC}",
      journal        = "Phys. Rev.",
      volume         = "D85",
      year           = "2012",
      pages          = "056011",
      doi            = "10.1103/PhysRevD.85.056011",
      eprint         = "1109.4398",
      archivePrefix  = "arXiv",
      primaryClass   = "hep-ph",
      reportNumber   = "FERMILAB-PUB-11-478-T",
      SLACcitation   = "%%CITATION = ARXIV:1109.4398;%%"
}

% url     = "https://commons.wikimedia.org/wiki/File:MonoX.pdf",
@online{monoXfig,
 author  = "Doglioni, Caterina and Boveia, Antonio",
 title   = "{Adapted from: sketches of DM processes at the LHC and of complementarity of DM experiments}",
 year    = "2016",
 urlseen = "10-12-17",
 note    = "\url{https://commons.wikimedia.org/wiki/File:MonoX.pdf} and \url{https://commons.wikimedia.org/wiki/File:EFTSimplifiedModels.pdf}",
}

@article{Haisch:2013ata,
      author         = "Haisch, Ulrich and Kahlhoefer, Felix and Re, Emanuele",
      title          = "{QCD effects in mono-jet searches for dark matter}",
      journal        = "JHEP",
      volume         = "12",
      year           = "2013",
      pages          = "007",
      doi            = "10.1007/JHEP12(2013)007",
      eprint         = "1310.4491",
      archivePrefix  = "arXiv",
      primaryClass   = "hep-ph",
      reportNumber   = "OUTP-13-20P, NSF-KITP-13-241",
      SLACcitation   = "%%CITATION = ARXIV:1310.4491;%%"
}

%46 cites
@article{Bauer:2013ihz,
      author         = "Bauer, Daniel and others",
      title          = "{Dark Matter in the Coming Decade: Complementary Paths to
                        Discovery and Beyond}",
      collaboration  = "Snowmass 2013 Cosmic Frontier Working Groups 1?4",
      journal        = "Phys. Dark Univ.",
      volume         = "7-8",
      year           = "2015",
      pages          = "16-23",
      doi            = "10.1016/j.dark.2015.04.001",
      eprint         = "1305.1605",
      archivePrefix  = "arXiv",
      primaryClass   = "hep-ph",
      reportNumber   = "FERMILAB-CONF-13-166-A-AE",
      SLACcitation   = "%%CITATION = ARXIV:1305.1605;%%"
}

%80 cites
@article{Agrawal:2010fh,
      author         = "Agrawal, Prateek and Chacko, Zackaria and Kilic, Can and
                        Mishra, Rashmish K.",
      title          = "{A Classification of Dark Matter Candidates with
                        Primarily Spin-Dependent Interactions with Matter}",
      year           = "2010",
      eprint         = "1003.1912",
      archivePrefix  = "arXiv",
      primaryClass   = "hep-ph",
      reportNumber   = "UMD-PP-10-004, RUNHETC-2010-07",
      SLACcitation   = "%%CITATION = ARXIV:1003.1912;%%"
}

%490 cites
@article{Alves:2011wf,
      author         = "{LHC New Physics Working Group}",
      editor         = "Arkani-Hamed, Nima and Arora, Sanjay and Bai, Yang and
                        Baumgart, Matthew and Berger, Joshua and Buckley, Matthew
                        and Butler, Bart and Chang, Spencer and Cheng, Hsin-Chia
                        and Cheung, Clifford and others ",
      title          = "{Simplified Models for LHC New Physics Searches}",
      collaboration  = "LHC New Physics Working Group",
      journal        = "J. Phys.",
      volume         = "G39",
      year           = "2012",
      pages          = "105005",
      doi            = "10.1088/0954-3899/39/10/105005",
      eprint         = "1105.2838",
      archivePrefix  = "arXiv",
      primaryClass   = "hep-ph",
      reportNumber   = "SLAC-PUB-15045, FERMILAB-PUB-11-842-A-PPD",
      SLACcitation   = "%%CITATION = ARXIV:1105.2838;%%"
}

%19 cites - why are we citing this?
@article{Choudhury:2015lha,
      author         = "Choudhury, Arghya and Kowalska, Kamila and Roszkowski,
                        Leszek and Sessolo, Enrico Maria and Williams, Andrew J.",
      title          = "{Less-simplified models of dark matter for direct
                        detection and the LHC}",
      journal        = "JHEP",
      volume         = "04",
      year           = "2016",
      pages          = "182",
      doi            = "10.1007/JHEP04(2016)182",
      eprint         = "1509.05771",
      archivePrefix  = "arXiv",
      primaryClass   = "hep-ph",
      SLACcitation   = "%%CITATION = ARXIV:1509.05771;%%"
}

%13 cites - I hope we are not citing this
@article{Gutschow:2012pw,
      author         = "Gutschow, C. and Marshall, Z.",
      title          = "{Setting limits on supersymmetry using simplified
                        models}",
      year           = "2012",
      eprint         = "1202.2662",
      archivePrefix  = "arXiv",
      primaryClass   = "hep-ex",
      SLACcitation   = "%%CITATION = ARXIV:1202.2662;%%"
}

%363 cites
@article{Alwall:2008ag,
      author         = "Alwall, Johan and Schuster, Philip and Toro, Natalia",
      title          = "{Simplified Models for a First Characterization of New
                        Physics at the LHC}",
      journal        = "Phys. Rev.",
      volume         = "D79",
      year           = "2009",
      pages          = "075020",
      doi            = "10.1103/PhysRevD.79.075020",
      eprint         = "0810.3921",
      archivePrefix  = "arXiv",
      primaryClass   = "hep-ph",
      reportNumber   = "SLAC-PUB-13425, SU-ITP-08-24",
      SLACcitation   = "%%CITATION = ARXIV:0810.3921;%%"
}

%17 cites - nice but obscure?
@article{Godbole:2015gma,
      author         = "Godbole, Rohini M. and Mendiratta, Gaurav and Tait, Tim
                        M. P.",
      title          = "{A Simplified Model for Dark Matter Interacting Primarily
                        with Gluons}",
      journal        = "JHEP",
      volume         = "08",
      year           = "2015",
      pages          = "064",
      doi            = "10.1007/JHEP08(2015)064",
      eprint         = "1506.01408",
      archivePrefix  = "arXiv",
      primaryClass   = "hep-ph",
      reportNumber   = "UCI-HEP-TR-2015-04",
      SLACcitation   = "%%CITATION = ARXIV:1506.01408;%%"
}

@article{Goodman:2010ku,
      author         = "Goodman, Jessica and Ibe, Masahiro and Rajaraman, Arvind
                        and Shepherd, William and Tait, Tim M.P. and others",
      title          = "Constraints on Dark Matter from Colliders",
      journal        = "Phys.Rev.",
      volume         = "D82",
      pages          = "116010",
      doi            = "10.1103/PhysRevD.82.116010",
      year           = "2010",
      eprint         = "1008.1783",
      archivePrefix  = "arXiv",
      primaryClass   = "hep-ph",
      reportNumber   = "UCI-HEP-TR-2010-15",
      SLACcitation   = "%%CITATION = ARXIV:1008.1783;%%",
}

@article{Beltran:2010ww,
      author         = "Beltran, Maria and Hooper, Dan and Kolb, Edward W. and
                        Krusberg, Zosia A. C. and Tait, Tim M. P.",
      title          = "{Maverick dark matter at colliders}",
      journal        = "JHEP",
      volume         = "09",
      year           = "2010",
      pages          = "037",
      doi            = "10.1007/JHEP09(2010)037",
      eprint         = "1002.4137",
      archivePrefix  = "arXiv",
      primaryClass   = "hep-ph",
      reportNumber   = "FERMILAB-PUB-10-092-A",
      SLACcitation   = "%%CITATION = ARXIV:1002.4137;%%"
}

@article{Shoemaker:2011vi,
      author         = "Shoemaker, Ian M. and Vecchi, Luca",
      title          = "Unitarity and Monojet Bounds on Models for {DAMA}, {CoGeNT},
                        and {CRESST-II}",
      journal        = "Phys.Rev.",
      volume         = "D86",
      pages          = "015023",
      doi            = "10.1103/PhysRevD.86.015023",
      year           = "2012",
      eprint         = "1112.5457",
      archivePrefix  = "arXiv",
      primaryClass   = "hep-ph",
      reportNumber   = "LA-UR-11-12298",
      SLACcitation   = "%%CITATION = ARXIV:1112.5457;%%",
}


@article{DiFranzo:2013vra,
      author         = "DiFranzo, Anthony and Nagao, Keiko I. and Rajaraman,
                        Arvind and Tait, Tim M. P.",
      title          = "{Simplified Models for Dark Matter Interacting with
                        Quarks}",
      journal        = "JHEP",
      volume         = "11",
      year           = "2013",
      pages          = "014",
      doi            = "10.1007/JHEP11(2013)014, 10.1007/JHEP01(2014)162",
      note           = "[Erratum: JHEP01,162(2014)]",
      eprint         = "1308.2679",
      archivePrefix  = "arXiv",
      primaryClass   = "hep-ph",
      reportNumber   = "UCI-HEP-TR-2013-17, KEK-TH-1659",
      SLACcitation   = "%%CITATION = ARXIV:1308.2679;%%"
}


@article{Buchmueller:2013dya,
      author         = "Buchmueller, O. and Dolan, Matthew J. and McCabe,
                        Christopher",
      title          = "{Beyond Effective Field Theory for Dark Matter Searches
                        at the LHC}",
      journal        = "JHEP",
      volume         = "01",
      year           = "2014",
      pages          = "025",
      doi            = "10.1007/JHEP01(2014)025",
      eprint         = "1308.6799",
      archivePrefix  = "arXiv",
      primaryClass   = "hep-ph",
      reportNumber   = "IPPP-13-63, DCPT-13-128",
      SLACcitation   = "%%CITATION = ARXIV:1308.6799;%%"
}

%EFT and truncation

@article{Fermi2008,
	Author = {Fermi, Enrico},
	Doi = {10.1007/BF02959820},
	Issn = {1827-6121},
	Journal = {Il Nuovo Cimento (1924-1942)},
	Number = {1},
	Pages = {1--19},
	Title = {Tentativo di una Teoria Dei Raggi $\beta$},
	Url = {http://dx.doi.org/10.1007/BF02959820},
	Volume = {11},
	Year = {2008},
	Bdsk-Url-1 = {http://dx.doi.org/10.1007/BF02959820}
	}
	
@article{Bai:2010hh,
      author         = "Bai, Yang and Fox, Patrick J. and Harnik, Roni",
      title          = "The {Tevatron} at the Frontier of Dark Matter Direct
                        Detection",
      journal        = "JHEP",
      volume         = "1012",
      pages          = "048",
      doi            = "10.1007/JHEP12(2010)048",
      year           = "2010",
      eprint         = "1005.3797",
      archivePrefix  = "arXiv",
      primaryClass   = "hep-ph",
      reportNumber   = "FERMILAB-PUB-10-143-T",
      SLACcitation   = "%%CITATION = ARXIV:1005.3797;%%",
}

@article{Beltran:2010ww,
      author         = "Beltran, Maria and Hooper, Dan and Kolb, Edward W. and
                        Krusberg, Zosia A. C. and Tait, Tim M. P.",
      title          = "{Maverick dark matter at colliders}",
      journal        = "JHEP",
      volume         = "09",
      year           = "2010",
      pages          = "037",
      doi            = "10.1007/JHEP09(2010)037",
      eprint         = "1002.4137",
      archivePrefix  = "arXiv",
      primaryClass   = "hep-ph",
      reportNumber   = "FERMILAB-PUB-10-092-A",
      SLACcitation   = "%%CITATION = ARXIV:1002.4137;%%"
}

@article{DeSimone:2016fbz,
      author         = "De Simone, Andrea and Jacques, Thomas",
      title          = "{Simplified models vs. effective field theory approaches
                        in dark matter searches}",
      journal        = "Eur. Phys. J.",
      volume         = "C76",
      year           = "2016",
      number         = "7",
      pages          = "367",
      doi            = "10.1140/epjc/s10052-016-4208-4",
      eprint         = "1603.08002",
      archivePrefix  = "arXiv",
      primaryClass   = "hep-ph",
      reportNumber   = "SISSA-21-2016-FISI",
      SLACcitation   = "%%CITATION = ARXIV:1603.08002;%%"
}


@article{Berlin:2014cfa,
	author         = "Berlin, Asher and Lin, Tongyan and Wang, Lian-Tao",
	title          = "Mono-{Higgs} Detection of Dark Matter at the {LHC}",
	journal        = "JHEP",
	volume         = "1406",
	pages          = "078",
	doi            = "10.1007/JHEP06(2014)078",
	year           = "2014",
	eprint         = "1402.7074",
	archivePrefix  = "arXiv",
	primaryClass   = "hep-ph",
	SLACcitation   = "%%CITATION = ARXIV:1402.7074;%%",
}

@article{Bell:2015sza,
      author         = "Bell, Nicole F. and Cai, Yi and Dent, James B. and Leane,
                        Rebecca K. and Weiler, Thomas J.",
      title          = "{Dark matter at the LHC: Effective field theories and
                        gauge invariance}",
      journal        = "Phys. Rev.",
      volume         = "D92",
      year           = "2015",
      number         = "5",
      pages          = "053008",
      doi            = "10.1103/PhysRevD.92.053008",
      eprint         = "1503.07874",
      archivePrefix  = "arXiv",
      primaryClass   = "hep-ph",
      SLACcitation   = "%%CITATION = ARXIV:1503.07874;%%"
}

@article{1475-7516-2016-01-051,
  author={Nicole F. Bell and Yi Cai and Rebecca K. Leane},
  title={Mono-W dark matter signals at the LHC: simplified model analysis},
  journal={Journal of Cosmology and Astroparticle Physics},
  volume={2016},
  number={01},
  pages={051},
  url={http://stacks.iop.org/1475-7516/2016/i=01/a=051},
  year={2016},
}

@article{Busoni:2014haa,
      author         = "Busoni, Giorgio and De Simone, Andrea and Jacques, Thomas
                        and Morgante, Enrico and Riotto, Antonio",
      title          = "On the Validity of the Effective Field Theory for Dark
                        Matter Searches at the {LHC} Part {III}: Analysis for the
                        {$t$}-channel",
      journal        = "JCAP",
      volume         = "1409",
      pages          = "022",
      doi            = "10.1088/1475-7516/2014/09/022",
      year           = "2014",
      eprint         = "1405.3101",
      archivePrefix  = "arXiv",
      primaryClass   = "hep-ph",
      SLACcitation   = "%%CITATION = ARXIV:1405.3101;%%",
} 

@article{Busoni:2014sya,
      author         = "Busoni, Giorgio and De Simone, Andrea and Gramling,
                        Johanna and Morgante, Enrico and Riotto, Antonio",
      title          = "On the Validity of the Effective Field Theory for Dark
                        Matter Searches at the {LHC}, Part {II}: Complete Analysis for
                        the {$s$}-channel",
      journal        = "JCAP",
      volume         = "1406",
      pages          = "060",
      doi            = "10.1088/1475-7516/2014/06/060",
      year           = "2014",
      eprint         = "1402.1275",
      archivePrefix  = "arXiv",
      primaryClass   = "hep-ph",
      reportNumber   = "SISSA-04-2014-FISI",
      SLACcitation   = "%%CITATION = ARXIV:1402.1275;%%",
}
@article{Busoni:2013lha,
      author         = "Busoni, Giorgio and De Simone, Andrea and Morgante,
                        Enrico and Riotto, Antonio",
      title          = "On the Validity of the Effective Field Theory for Dark
                        Matter Searches at the {LHC}",
      journal        = "Phys.Lett.",
      volume         = "B728",
      pages          = "412-421",
      doi            = "10.1016/j.physletb.2013.11.069",
      year           = "2014",
      eprint         = "1307.2253",
      archivePrefix  = "arXiv",
      primaryClass   = "hep-ph",
      reportNumber   = "CERN-PH-TH-2013-151, SISSA-29-2013-FISI",
      SLACcitation   = "%%CITATION = ARXIV:1307.2253;%%",
}

@article{Racco:2015dxa,
      author         = "Racco, Davide and Wulzer, Andrea and Zwirner, Fabio",
      title          = "Robust collider limits on heavy-mediator Dark Matter",
      journal        = "JHEP",
      volume         = "1505",
      pages          = "009",
      doi            = "10.1007/JHEP05(2015)009",
      year           = "2015",
      eprint         = "1502.04701",
      archivePrefix  = "arXiv",
      primaryClass   = "hep-ph",
      reportNumber   = "CERN-PH-TH-2015-014, DFPD-2015-TH-05",
      SLACcitation   = "%%CITATION = ARXIV:1502.04701;%%",
}

@article{Petrov:2013nia,
      author         = "Petrov, Alexey A. and Shepherd, William",
      title          = "{Searching for dark matter at LHC with Mono-Higgs
                        production}",
      journal        = "Phys. Lett.",
      volume         = "B730",
      year           = "2014",
      pages          = "178-183",
      doi            = "10.1016/j.physletb.2014.01.051",
      eprint         = "1311.1511",
      archivePrefix  = "arXiv",
      primaryClass   = "hep-ph",
      reportNumber   = "WSU-HEP-1308",
      SLACcitation   = "%%CITATION = ARXIV:1311.1511;%%"
}

%Simplified models

%MOVE TO RELATED RESOURCES
@article{Arcadi:2017kky,
      author         = "Arcadi, Giorgio and Dutra, Maiï¿œra and Ghosh, Pradipta and
                        Lindner, Manfred and Mambrini, Yann and Pierre, Mathias
                        and Profumo, Stefano and Queiroz, Farinaldo S.",
      title          = "{The Waning of the WIMP? A Review of Models, Searches,
                        and Constraints}",
      year           = "2017",
      eprint         = "1703.07364",
      archivePrefix  = "arXiv",
      primaryClass   = "hep-ph",
      SLACcitation   = "%%CITATION = ARXIV:1703.07364;%%"
}

@article{Ellis:2010kf,
      author         = "Ellis, John and Olive, Keith A.",
      title          = "{Supersymmetric Dark Matter Candidates}",
      year           = "2010",
      eprint         = "1001.3651",
      archivePrefix  = "arXiv",
      primaryClass   = "astro-ph.CO",
      reportNumber   = "CERN-PH-TH-2010-004, UMN-TH-2831-10, FTPI-MINN-10-02",
      SLACcitation   = "%%CITATION = ARXIV:1001.3651;%%"
}


@ARTICLE{1984NuPhB.238..453E,
   author = {{Ellis}, J. and {Hagelin}, J.~S. and {Nanopoulos}, D.~V. and 
	{Olive}, K. and {Srednicki}, M.},
    title = "{Supersymmetric relics from the big bang}",
  journal = {Nuclear Physics B},
     year = 1984,
    month = jun,
   volume = 238,
    pages = {453-476},
      doi = {10.1016/0550-3213(84)90461-9},
   adsurl = {http://adsabs.harvard.edu/abs/1984NuPhB.238..453E},
  adsnote = {Provided by the SAO/NASA Astrophysics Data System}
}

@article{Yavin:14092893,
      AUTHOR       = "Abdallah, Jalal and Ashkenazi, Adi and Boveia, Antonio and Busoni, Giorgio and others",
      title        = "Simplified Models for Dark Matter and Missing Energy Searches at the {LHC}",
      year           = "2014",
      eprint         = "1409.2893",
      archivePrefix  = "arXiv",
      primaryClass   = "hep-ph",
      reportNumber   = "FERMILAB-FN-0990-PPD",
      SLACcitation   = "%%CITATION = ARXIV:1409.2893;%%",
}
@article{Malik:2014ggr,
      author         = "Malik, Sarah and McCabe, Christopher and Araujo, Henrique
                        and Belyaev, A. and Boehm, Celine and others",
      title          = "Interplay and Characterization of Dark Matter Searches
                        at Colliders and in Direct Detection Experiments",
      year           = "2014",
      eprint         = "1409.4075",
      archivePrefix  = "arXiv",
      primaryClass   = "hep-ex",
      reportNumber   = "KCL-PH-TH-2014-37, LCTS-2014-36, CERN-PH-TH-2014-180",
      SLACcitation   = "%%CITATION = ARXIV:1409.4075;%%",
}

@article{Abdallah:2015ter,
      author         = "Abdallah, Jalal and Araujo, Enrique and Arbey, Alexander and Ashkenazi, Adi and others",
      title          = "{Simplified Models for Dark Matter Searches at the LHC}",
      journal        = "Phys. Dark Univ.",
      volume         = "9-10",
      year           = "2015",
      pages          = "8-23",
      doi            = "10.1016/j.dark.2015.08.001",
      eprint         = "1506.03116",
      archivePrefix  = "arXiv",
      primaryClass   = "hep-ph",
      reportNumber   = "FERMILAB-PUB-15-283-CD, CERN-PH-TH-2015-139",
      SLACcitation   = "%%CITATION = ARXIV:1506.03116;%%"
      
      
}

%83 cites
@article{Papucci:2014iwa,
      author         = "Papucci, Michele and Vichi, Alessandro and Zurek, Kathryn
                        M.",
      title          = "Monojet versus the rest of the world {I}: {$t$}-channel
                        models",
      journal        = "JHEP",
      volume         = "1411",
      pages          = "024",
      doi            = "10.1007/JHEP11(2014)024",
      year           = "2014",
      eprint         = "1402.2285",
      archivePrefix  = "arXiv",
      primaryClass   = "hep-ph",
      SLACcitation   = "%%CITATION = ARXIV:1402.2285;%%",
}

%100 cites
@article{An:2013xka,
      author         = "An, Haipeng and Wang, Lian-Tao and Zhang, Hao",
      title          = "Dark matter with {$t$}-channel mediator: a simple step
                        beyond contact interaction",
      journal        = "Phys.Rev.",
      volume         = "D89",
      pages          = "115014",
      doi            = "10.1103/PhysRevD.89.115014",
      year           = "2014",
      eprint         = "1308.0592",
      archivePrefix  = "arXiv",
      primaryClass   = "hep-ph",
      reportNumber   = "IIT-CAPP-13-06, ANL-HEP-PR-13-38",
      SLACcitation   = "%%CITATION = ARXIV:1308.0592;%%",
}

%70 cites
@article{Bell:2012rg,
      author         = "Bell, Nicole F. and Dent, James B. and Galea, Ahmad J.
                        and Jacques, Thomas D. and Krauss, Lawrence M. and others",
      title          = "Searching for Dark Matter at the {LHC} with a Mono-{Z}",
      journal        = "Phys.Rev.",
      volume         = "D86",
      pages          = "096011",
      doi            = "10.1103/PhysRevD.86.096011",
      year           = "2012",
      eprint         = "1209.0231",
      archivePrefix  = "arXiv",
      primaryClass   = "hep-ph",
      SLACcitation   = "%%CITATION = ARXIV:1209.0231;%%",
}

%%ZPrime


@article{Chala:2015ama,
      author         = "Chala, Mikael and Kahlhoefer, Felix and McCullough,
                        Matthew and Nardini, Germano and Schmidt-Hoberg, Kai",
      title          = "Constraining Dark Sectors with Monojets and Dijets",
      year           = "2015",
      eprint         = "1503.05916",
      archivePrefix  = "arXiv",
      primaryClass   = "hep-ph",
      reportNumber   = "DESY-15-036, CERN-PH-TH-2015-057",
      SLACcitation   = "%%CITATION = ARXIV:1503.05916;%%",
}

%%\cite{Chala:2015ama}
%\bibitem{Chala:2015ama} 
%  M.~Chala, F.~Kahlhoefer, M.~McCullough, G.~Nardini and K.~Schmidt-Hoberg,
%  %``Constraining Dark Sectors with Monojets and Dijets,''
%  JHEP {\bf 1507}, 089 (2015)
%  doi:10.1007/JHEP07(2015)089
%  [arXiv:1503.05916 [hep-ph]].
%  %%CITATION = doi:10.1007/JHEP07(2015)089;%%
%  %90 citations counted in INSPIRE as of 13 Jun 2018

%Scalar

@article{Buckley:2014fba,
      author         = "Buckley, Matthew R. and Feld, David and Goncalves,
                        Dorival",
      title          = "Scalar Simplified Models for Dark Matter",
      journal        = "Phys.Rev.",
      volume         = "D91",
      pages          = "015017",
      doi            = "10.1103/PhysRevD.91.015017",
      year           = "2015",
      eprint         = "1410.6497",
      archivePrefix  = "arXiv",
      primaryClass   = "hep-ph",
      reportNumber   = "IPPP-14-92, DCPT-14-184",
      SLACcitation   = "%%CITATION = ARXIV:1410.6497;%%",
}

@article{Mattelaer:2015haa,
      author         = "Mattelaer, Olivier and Vryonidou, Eleni",
      title          = "{Dark matter production through loop-induced processes at
                        the LHC: the s-channel mediator case}",
      journal        = "Eur. Phys. J.",
      volume         = "C75",
      year           = "2015",
      number         = "9",
      pages          = "436",
      doi            = "10.1140/epjc/s10052-015-3665-5",
      eprint         = "1508.00564",
      archivePrefix  = "arXiv",
      primaryClass   = "hep-ph",
      reportNumber   = "IPPP-15-48, DCPT-15-96, CP3-15-23, MCNET-15-20",
      SLACcitation   = "%%CITATION = ARXIV:1508.00564;%%"
}

@article{Haisch:2015ioa,
      author         = "Haisch, Ulrich and Re, Emanuele",
      title          = "Simplified dark matter top-quark interactions at the
                        {LHC}",
      journal        = "JHEP",
      volume         = "1506",
      pages          = "078",
      doi            = "10.1007/JHEP06(2015)078",
      year           = "2015",
      eprint         = "1503.00691",
      archivePrefix  = "arXiv",
      primaryClass   = "hep-ph",
      reportNumber   = "OUTP-15-02P, CERN-PH-TH-2014-253",
      SLACcitation   = "%%CITATION = ARXIV:1503.00691;%%",
}

@article{Arina:2014yna,
	author         = "Arina, Chiara and Del Nobile, Eugenio and Panci, Paolo",
	title          = "Dark Matter with Pseudoscalar-Mediated Interactions
	Explains the {DAMA} Signal and the {Galactic Center} Excess",
	journal        = "Phys.Rev.Lett.",
	volume         = "114",
	pages          = "011301",
	doi            = "10.1103/PhysRevLett.114.011301",
	year           = "2015",
	eprint         = "1406.5542",
	archivePrefix  = "arXiv",
	primaryClass   = "hep-ph",
	SLACcitation   = "%%CITATION = ARXIV:1406.5542;%%",
}


@article{Dolan:2014ska,
      author         = "Dolan, Matthew J. and McCabe, Christopher and Kahlhoefer,
                        Felix and Schmidt-Hoberg, Kai",
      title          = "A taste of dark matter: Flavour constraints on
                        pseudoscalar mediators",
      journal        = "JHEP",
      volume         = "1503",
      pages          = "171",
      doi            = "10.1007/JHEP03(2015)171",
      year           = "2015",
      eprint         = "1412.5174",
      archivePrefix  = "arXiv",
      primaryClass   = "hep-ph",
      reportNumber   = "DESY-14-238, SLAC-PUB-16179",
      SLACcitation   = "%%CITATION = ARXIV:1412.5174;%%",
}


@article{Pinna:2017tay,
      author         = "Pinna, Deborah and Zucchetta, Alberto and Buckley,
                        Matthew R. and Canelli, Florencia",
      title          = "{Single top quarks and dark matter}",
      journal        = "Phys. Rev.",
      volume         = "D96",
      year           = "2017",
      number         = "3",
      pages          = "035031",
      doi            = "10.1103/PhysRevD.96.035031",
      eprint         = "1701.05195",
      archivePrefix  = "arXiv",
      primaryClass   = "hep-ph",
      SLACcitation   = "%%CITATION = ARXIV:1701.05195;%%"
}


@article{Banerjee:2017wxi,
      author         = "Banerjee, Shankha and Barducci, Daniele and Bï¿œlanger,
                        Geneviï¿œve and Fuks, Benjamin and Goudelis, Andreas and
                        Zaldivar, Bryan",
      title          = "{Cornering pseudoscalar-mediated dark matter with the LHC
                        and cosmology}",
      journal        = "JHEP",
      volume         = "07",
      year           = "2017",
      pages          = "080",
      doi            = "10.1007/JHEP07(2017)080",
      eprint         = "1705.02327",
      archivePrefix  = "arXiv",
      primaryClass   = "hep-ph",
      reportNumber   = "LAPTH-014-17, SISSA-22-2017-FISI",
      SLACcitation   = "%%CITATION = ARXIV:1705.02327;%%"
}

%Colored scalar

@article{Agrawal:2014una,
      author         = "Agrawal, Prateek and Batell, Brian and Hooper, Dan and
                        Lin, Tongyan",
      title          = "Flavored Dark Matter and the {Galactic Center} Gamma-Ray
                        Excess",
      journal        = "Phys.Rev.",
      volume         = "D90",
      pages          = "063512",
      doi            = "10.1103/PhysRevD.90.063512",
      year           = "2014",
      eprint         = "1404.1373",
      archivePrefix  = "arXiv",
      primaryClass   = "hep-ph",
      reportNumber   = "FERMILAB-PUB-14-069-A-T",
      SLACcitation   = "%%CITATION = ARXIV:1404.1373;%%",
}

@article{Bai:2013iqa,
      author         = "Bai, Yang and Berger, Joshua",
      title          = "{Fermion Portal Dark Matter}",
      journal        = "JHEP",
      volume         = "11",
      year           = "2013",
      pages          = "171",
      doi            = "10.1007/JHEP11(2013)171",
      eprint         = "1308.0612",
      archivePrefix  = "arXiv",
      primaryClass   = "hep-ph",
      reportNumber   = "SLAC-PUB-15704",
      SLACcitation   = "%%CITATION = ARXIV:1308.0612;%%"
}

@article{Ko:2016zxg,
      author         = "Ko, P. and Natale, Alexander and Park, Myeonghun and
                        Yokoya, Hiroshi",
      title          = "{Simplified DM models with the full SM gauge symmetry :
                        the case of $t$-channel colored scalar mediators}",
      journal        = "JHEP",
      volume         = "01",
      year           = "2017",
      pages          = "086",
      doi            = "10.1007/JHEP01(2017)086",
      eprint         = "1605.07058",
      archivePrefix  = "arXiv",
      primaryClass   = "hep-ph",
      reportNumber   = "CTPU-16-12",
      SLACcitation   = "%%CITATION = ARXIV:1605.07058;%%"
}

%Spin-2

@article{Han:2015cty,
      author         = "Han, Chengcheng and Lee, Hyun Min and Park, Myeonghun and
                        Sanz, Veronica",
      title          = "{The diphoton resonance as a gravity mediator of dark
                        matter}",
      journal        = "Phys. Lett.",
      volume         = "B755",
      year           = "2016",
      pages          = "371-379",
      doi            = "10.1016/j.physletb.2016.02.040",
      eprint         = "1512.06376",
      archivePrefix  = "arXiv",
      primaryClass   = "hep-ph",
      SLACcitation   = "%%CITATION = ARXIV:1512.06376;%%"
}


@article{Kraml:2017atm,
      author         = "Kraml, Sabine and Laa, Ursula and Mawatari, Kentarou and
                        Yamashita, Kimiko",
      title          = "{Simplified dark matter models with a spin-2 mediator at
                        the LHC}",
      journal        = "Eur. Phys. J.",
      volume         = "C77",
      year           = "2017",
      number         = "5",
      pages          = "326",
      doi            = "10.1140/epjc/s10052-017-4871-0",
      eprint         = "1701.07008",
      archivePrefix  = "arXiv",
      primaryClass   = "hep-ph",
      reportNumber   = "OCHA-PP-345",
      SLACcitation   = "%%CITATION = ARXIV:1701.07008;%%"
}

%Visible

@article{Liew:2016oon,
      author         = "Liew, Seng Pei and Papucci, Michele and Vichi, Alessandro
                        and Zurek, Kathryn M.",
      title          = "{Mono-X Versus Direct Searches: Simplified Models for
                        Dark Matter at the LHC}",
      journal        = "JHEP",
      volume         = "06",
      year           = "2017",
      pages          = "082",
      doi            = "10.1007/JHEP06(2017)082",
      eprint         = "1612.00219",
      archivePrefix  = "arXiv",
      primaryClass   = "hep-ph",
      SLACcitation   = "%%CITATION = ARXIV:1612.00219;%%"
}


@article{An:2012ue,
      author         = "An, Haipeng and Huo, Ran and Wang, Lian-Tao",
      title          = "{Searching for Low Mass Dark Portal at the LHC}",
      journal        = "Phys. Dark Univ.",
      volume         = "2",
      year           = "2013",
      pages          = "50-57",
      doi            = "10.1016/j.dark.2013.03.002",
      eprint         = "1212.2221",
      archivePrefix  = "arXiv",
      primaryClass   = "hep-ph",
      reportNumber   = "EFI-12-34, PI-PARTPHYS-311",
      SLACcitation   = "%%CITATION = ARXIV:1212.2221;%%"
}

@article{Dobrescu:2013coa,
      author         = "Dobrescu, Bogdan A. and Yu, Felix",
      title          = "{Coupling-mass mapping of dijet peak searches}",
      journal        = "Phys. Rev.",
      volume         = "D88",
      year           = "2013",
      number         = "3",
      pages          = "035021",
      doi            = "10.1103/PhysRevD.88.035021, 10.1103/PhysRevD.90.079901",
      note           = "[Erratum: Phys. Rev.D90,no.7,079901(2014)]",
      eprint         = "1306.2629",
      archivePrefix  = "arXiv",
      primaryClass   = "hep-ph",
      reportNumber   = "FERMILAB-PUB-13-185-T",
      SLACcitation   = "%%CITATION = ARXIV:1306.2629;%%"
}

%Coannihilation

@article{Baker:2015qna,
      author         = "Baker, Michael J. and others",
      title          = "{The Coannihilation Codex}",
      journal        = "JHEP",
      volume         = "12",
      year           = "2015",
      pages          = "120",
      doi            = "10.1007/JHEP12(2015)120",
      eprint         = "1510.03434",
      archivePrefix  = "arXiv",
      primaryClass   = "hep-ph",
      reportNumber   = "MITP-15-078",
      SLACcitation   = "%%CITATION = ARXIV:1510.03434;%%"
}

@article{Buschmann:2016hkc,
      author         = "Buschmann, Malte and El Hedri, Sonia and Kaminska, Anna
                        and Liu, Jia and de Vries, Maikel and Wang, Xiao-Ping and
                        Yu, Felix and Zurita, Jose",
      title          = "{Hunting for dark matter coannihilation by mixing dijet
                        resonances and missing transverse energy}",
      journal        = "JHEP",
      volume         = "09",
      year           = "2016",
      pages          = "033",
      doi            = "10.1007/JHEP09(2016)033",
      eprint         = "1605.08056",
      archivePrefix  = "arXiv",
      primaryClass   = "hep-ph",
      SLACcitation   = "%%CITATION = ARXIV:1605.08056;%%"
}

@article{Khoze:2017ixx,
      author         = "Khoze, Valentin V. and Plascencia, Alexis D. and Sakurai,
                        Kazuki",
      title          = "{Simplified models of dark matter with a long-lived
                        co-annihilation partner}",
      journal        = "JHEP",
      volume         = "06",
      year           = "2017",
      pages          = "041",
      doi            = "10.1007/JHEP06(2017)041",
      eprint         = "1702.00750",
      archivePrefix  = "arXiv",
      primaryClass   = "hep-ph",
      reportNumber   = "IPPP-17-8",
      SLACcitation   = "%%CITATION = ARXIV:1702.00750;%%"
}

@article{Duerr:2016tmh,
      author         = "Duerr, Michael and Kahlhoefer, Felix and Schmidt-Hoberg,
                        Kai and Schwetz, Thomas and Vogl, Stefan",
      title          = "{How to save the WIMP: global analysis of a dark matter
                        model with two s-channel mediators}",
      journal        = "JHEP",
      volume         = "09",
      year           = "2016",
      pages          = "042",
      doi            = "10.1007/JHEP09(2016)042",
      eprint         = "1606.07609",
      archivePrefix  = "arXiv",
      primaryClass   = "hep-ph",
      reportNumber   = "DESY-16-113",
      SLACcitation   = "%%CITATION = ARXIV:1606.07609;%%"
}

%MFV/monotop stuff

@article{Blanke:2017tnb,
      author         = "Blanke, Monika and Kast, Simon",
      title          = "{Top-Flavoured Dark Matter in Dark Minimal Flavour
                        Violation}",
      journal        = "JHEP",
      volume         = "05",
      year           = "2017",
      pages          = "162",
      doi            = "10.1007/JHEP05(2017)162",
      eprint         = "1702.08457",
      archivePrefix  = "arXiv",
      primaryClass   = "hep-ph",
      reportNumber   = "TTP17-008",
      SLACcitation   = "%%CITATION = ARXIV:1702.08457;%%"
}

@article{DHondt:2015nat,
      author         = "D'Hondt, Jorgen and Mariotti, Alberto and Mawatari,
                        Kentarou and Moortgat, Seth and Tziveloglou, Pantelis and
                        Van Onsem, Gerrit",
      title          = "{Signatures of top flavour-changing dark matter}",
      journal        = "JHEP",
      volume         = "03",
      year           = "2016",
      pages          = "060",
      doi            = "10.1007/JHEP03(2016)060",
      eprint         = "1511.07463",
      archivePrefix  = "arXiv",
      primaryClass   = "hep-ph",
      reportNumber   = "DESY-15-231",
      SLACcitation   = "%%CITATION = ARXIV:1511.07463;%%"
}

%2HDM 

@article{Englert:2016joy,
      author         = "Englert, Christoph and McCullough, Matthew and
                        Spannowsky, Michael",
      title          = "{S-Channel Dark Matter Simplified Models and Unitarity}",
      journal        = "Phys. Dark Univ.",
      volume         = "14",
      year           = "2016",
      pages          = "48-56",
      doi            = "10.1016/j.dark.2016.09.002",
      eprint         = "1604.07975",
      archivePrefix  = "arXiv",
      primaryClass   = "hep-ph",
      reportNumber   = "DCPT-16-52, IPPP-16-26, CERN-TH-2016-094",
      SLACcitation   = "%%CITATION = ARXIV:1604.07975;%%"
}

@article{Bauer:2016gys,
      author         = "Albert, Andreas and others",
      title          = "{Towards the next generation of simplified Dark Matter
                        models}",
      journal        = "Phys. Dark Univ.",
      volume         = "16",
      year           = "2017",
      pages          = "49-70",
      doi            = "10.1016/j.dark.2017.02.002",
      eprint         = "1607.06680",
      archivePrefix  = "arXiv",
      primaryClass   = "hep-ex",
      SLACcitation   = "%%CITATION = ARXIV:1607.06680;%%"
}

@article{Bauer:2017ota,
      author         = "Bauer, Martin and Haisch, Ulrich and Kahlhoefer, Felix",
      title          = "{Simplified dark matter models with two Higgs doublets:
                        I. Pseudoscalar mediators}",
      journal        = "JHEP",
      volume         = "05",
      year           = "2017",
      pages          = "138",
      doi            = "10.1007/JHEP05(2017)138",
      eprint         = "1701.07427",
      archivePrefix  = "arXiv",
      primaryClass   = "hep-ph",
      reportNumber   = "CERN-TH-2017-011, DESY-17-010",
      SLACcitation   = "%%CITATION = ARXIV:1701.07427;%%"
}

@article{Ipek:2014gua,
      author         = "Ipek, Seyda and McKeen, David and Nelson, Ann E.",
      title          = "{A Renormalizable Model for the Galactic Center Gamma Ray
                        Excess from Dark Matter Annihilation}",
      journal        = "Phys. Rev.",
      volume         = "D90",
      year           = "2014",
      number         = "5",
      pages          = "055021",
      doi            = "10.1103/PhysRevD.90.055021",
      eprint         = "1404.3716",
      archivePrefix  = "arXiv",
      primaryClass   = "hep-ph",
      SLACcitation   = "%%CITATION = ARXIV:1404.3716;%%"
}

@article{No:2015xqa,
      author         = "No, Jose Miguel",
      title          = "{Looking through the pseudoscalar portal into dark
                        matter: Novel mono-Higgs and mono-Z signatures at the
                        LHC}",
      journal        = "Phys. Rev.",
      volume         = "D93",
      year           = "2016",
      number         = "3",
      pages          = "031701",
      doi            = "10.1103/PhysRevD.93.031701",
      eprint         = "1509.01110",
      archivePrefix  = "arXiv",
      primaryClass   = "hep-ph",
      SLACcitation   = "%%CITATION = ARXIV:1509.01110;%%"
}

@article{Goncalves:2016iyg,
      author         = "Goncalves, Dorival and Machado, Pedro A. N. and No, Jose
                        Miguel",
      title          = "{Simplified Models for Dark Matter Face their Consistent
                        Completions}",
      journal        = "Phys. Rev.",
      volume         = "D95",
      year           = "2017",
      number         = "5",
      pages          = "055027",
      doi            = "10.1103/PhysRevD.95.055027",
      eprint         = "1611.04593",
      archivePrefix  = "arXiv",
      primaryClass   = "hep-ph",
      reportNumber   = "IPPP-16-114, PITT-PACC-1613, FERMILAB-PUB-16-510-T,
                        KCL-PH-TH-2016-61, --KCL-PH-TH-2016-61",
      SLACcitation   = "%%CITATION = ARXIV:1611.04593;%%"
}

@article{Bell:2016ekl,
      author         = "Bell, Nicole F. and Busoni, Giorgio and Sanderson, Isaac
                        W.",
      title          = "{Self-consistent Dark Matter Simplified Models with an
                        s-channel scalar mediator}",
      journal        = "JCAP",
      volume         = "1703",
      year           = "2017",
      number         = "03",
      pages          = "015",
      doi            = "10.1088/1475-7516/2017/03/015",
      eprint         = "1612.03475",
      archivePrefix  = "arXiv",
      primaryClass   = "hep-ph",
      SLACcitation   = "%%CITATION = ARXIV:1612.03475;%%"
}

%SUSY

@article{Feng:2010gw,
      author         = "Feng, Jonathan L.",
      title          = "{Dark Matter Candidates from Particle Physics and Methods
                        of Detection}",
      journal        = "Ann. Rev. Astron. Astrophys.",
      volume         = "48",
      year           = "2010",
      pages          = "495-545",
      doi            = "10.1146/annurev-astro-082708-101659",
      eprint         = "1003.0904",
      archivePrefix  = "arXiv",
      primaryClass   = "astro-ph.CO",
      reportNumber   = "UCI-TR-2009-13",
      SLACcitation   = "%%CITATION = ARXIV:1003.0904;%%"
}

@inproceedings{Steffen:2007sp,
      author         = "Steffen, Frank Daniel",
      title          = "{Supersymmetric dark matter candidates: The Lightest
                        neutralino, the gravitino, and the axino}",
      booktitle      = "{SUSY 2007 Proceedings, 15th International Conference on
                        Supersymmetry and Unification of Fundamental Interactions,
                        July 26 - August 1, 2007, Karlsruhe, Germany}",
      url            = "http://www.susy07.uni-karlsruhe.de/Proceedings/proceedings/susy07.pdf",
      year           = "2007",
      pages          = "184-197",
      eprint         = "0711.1240",
      archivePrefix  = "arXiv",
      primaryClass   = "hep-ph",
      reportNumber   = "MPP-2007-165",
      SLACcitation   = "%%CITATION = ARXIV:0711.1240;%%"
}

%not cited yet, this tells us another way to get thermal gravitino but it's non standard history
@article{Bolz:2000fu,
      author         = "Bolz, M. and Brandenburg, A. and Buchmuller, W.",
      title          = "{Thermal production of gravitinos}",
      journal        = "Nucl. Phys.",
      volume         = "B606",
      year           = "2001",
      pages          = "518-544",
      doi            = "10.1016/S0550-3213(01)00132-8,
                        10.1016/j.nuclphysb.2007.09.020",
      note           = "[Erratum: Nucl. Phys.B790,336(2008)]",
      eprint         = "hep-ph/0012052",
      archivePrefix  = "arXiv",
      primaryClass   = "hep-ph",
      reportNumber   = "DESY-00-167",
      SLACcitation   = "%%CITATION = HEP-PH/0012052;%%"
}

@article{Arina:2015uea,
      author         = "Arina, Chiara and Catalan, Maria Eugenia Cabrera and
                        Kraml, Sabine and Kulkarni, Suchita and Laa, Ursula",
      title          = "{Constraints on sneutrino dark matter from LHC Run 1}",
      journal        = "JHEP",
      volume         = "05",
      year           = "2015",
      pages          = "142",
      doi            = "10.1007/JHEP05(2015)142",
      eprint         = "1503.02960",
      archivePrefix  = "arXiv",
      primaryClass   = "hep-ph",
      reportNumber   = "LPSC-15065, HEPHY-PUB-948-15, LPSC15065",
      SLACcitation   = "%%CITATION = ARXIV:1503.02960;%%"
}

%R-parity
@article{Farrar:1978xj,
      author         = "Farrar, Glennys R. and Fayet, Pierre",
      title          = "{Phenomenology of the Production, Decay, and Detection of
                        New Hadronic States Associated with Supersymmetry}",
      journal        = "Phys. Lett.",
      volume         = "76B",
      year           = "1978",
      pages          = "575-579",
      doi            = "10.1016/0370-2693(78)90858-4",
      reportNumber   = "CALT-68-648",
      SLACcitation   = "%%CITATION = PHLTA,76B,575;%%"
}

%RPV and beyond

@article{Zurek:2013wia,
      author         = "Zurek, Kathryn M.",
      title          = "{Asymmetric Dark Matter: Theories, Signatures, and
                        Constraints}",
      journal        = "Phys. Rept.",
      volume         = "537",
      year           = "2014",
      pages          = "91-121",
      doi            = "10.1016/j.physrep.2013.12.001",
      eprint         = "1308.0338",
      archivePrefix  = "arXiv",
      primaryClass   = "hep-ph",
      SLACcitation   = "%%CITATION = ARXIV:1308.0338;%%"
}

%neutral naturalness
@article{Craig:2014aea,
      author         = "Craig, Nathaniel and Knapen, Simon and Longhi, Pietro",
      title          = "{Neutral Naturalness from Orbifold Higgs Models}",
      journal        = "Phys. Rev. Lett.",
      volume         = "114",
      year           = "2015",
      number         = "6",
      pages          = "061803",
      doi            = "10.1103/PhysRevLett.114.061803",
      eprint         = "1410.6808",
      archivePrefix  = "arXiv",
      primaryClass   = "hep-ph",
      reportNumber   = "RU-NHETC-2014-15",
      SLACcitation   = "%%CITATION = ARXIV:1410.6808;%%"
}

@article{Garcia:2015toa,
      author         = "Garcia Garcia, Isabel and Lasenby, Robert and
                        March-Russell, John",
      title          = "{Twin Higgs Asymmetric Dark Matter}",
      journal        = "Phys. Rev. Lett.",
      volume         = "115",
      year           = "2015",
      number         = "12",
      pages          = "121801",
      doi            = "10.1103/PhysRevLett.115.121801",
      eprint         = "1505.07410",
      archivePrefix  = "arXiv",
      primaryClass   = "hep-ph",
      SLACcitation   = "%%CITATION = ARXIV:1505.07410;%%"
}

%Long-lived
@article{Chen:1995yu,
      author         = "Chen, C. H. and Drees, Manuel and Gunion, J. F.",
      title          = "{Searching for invisible and almost invisible particles
                        at e+ e- colliders}",
      journal        = "Phys. Rev. Lett.",
      volume         = "76",
      year           = "1996",
      pages          = "2002-2005",
      doi            = "10.1103/PhysRevLett.76.2002",
      eprint         = "hep-ph/9512230",
      archivePrefix  = "arXiv",
      primaryClass   = "hep-ph",
      reportNumber   = "UCD-95-43, MADPH-95-918",
      SLACcitation   = "%%CITATION = HEP-PH/9512230;%%"
}

%Others

@article{Hooper:2007qk,
      author         = "Hooper, Dan and Profumo, Stefano",
      title          = "{Dark matter and collider phenomenology of universal
                        extra dimensions}",
      journal        = "Phys. Rept.",
      volume         = "453",
      year           = "2007",
      pages          = "29-115",
      doi            = "10.1016/j.physrep.2007.09.003",
      eprint         = "hep-ph/0701197",
      archivePrefix  = "arXiv",
      primaryClass   = "hep-ph",
      reportNumber   = "FERMILAB-PUB-07-018-A",
      SLACcitation   = "%%CITATION = HEP-PH/0701197;%%"
}

@article{Adhikari:2016bei,
      author         = "Drewes, M. and others",
      title          = "{A White Paper on keV Sterile Neutrino Dark Matter}",
      journal        = "JCAP",
      volume         = "1701",
      year           = "2017",
      number         = "01",
      pages          = "025",
      doi            = "10.1088/1475-7516/2017/01/025",
      eprint         = "1602.04816",
      archivePrefix  = "arXiv",
      primaryClass   = "hep-ph",
      reportNumber   = "FERMILAB-PUB-16-068-T",
      SLACcitation   = "%%CITATION = ARXIV:1602.04816;%%"
}

%LLP ideas

@article{Battaglieri:2017aum,
      author         = "Battaglieri, Marco and others",
      title          = "{US Cosmic Visions: New Ideas in Dark Matter 2017:
                        Community Report}",
      year           = "2017",
      eprint         = "1707.04591",
      archivePrefix  = "arXiv",
      primaryClass   = "hep-ph",
      reportNumber   = "FERMILAB-CONF-17-282-AE-PPD-T",
      SLACcitation   = "%%CITATION = ARXIV:1707.04591;%%"
}

@article{Pospelov:2007mp,
      author         = "Pospelov, Maxim and Ritz, Adam and Voloshin, Mikhail B.",
      title          = "{Secluded WIMP Dark Matter}",
      journal        = "Phys. Lett.",
      volume         = "B662",
      year           = "2008",
      pages          = "53-61",
      doi            = "10.1016/j.physletb.2008.02.052",
      eprint         = "0711.4866",
      archivePrefix  = "arXiv",
      primaryClass   = "hep-ph",
      SLACcitation   = "%%CITATION = ARXIV:0711.4866;%%"
}

@article{Das:2010ts,
      author         = "Das, Subinoy and Sigurdson, Kris",
      title          = "{Cosmological Limits on Hidden Sector Dark Matter}",
      journal        = "Phys. Rev.",
      volume         = "D85",
      year           = "2012",
      pages          = "063510",
      doi            = "10.1103/PhysRevD.85.063510",
      eprint         = "1012.4458",
      archivePrefix  = "arXiv",
      primaryClass   = "astro-ph.CO",
      SLACcitation   = "%%CITATION = ARXIV:1012.4458;%%"
}

@article{Evans:2017kti,
      author         = "Evans, Jared A. and Gori, Stefania and Shelton, Jessie",
      title          = "{Looking for the WIMP Next Door}",
      year           = "2017",
      eprint         = "1712.03974",
      archivePrefix  = "arXiv",
      primaryClass   = "hep-ph",
      SLACcitation   = "%%CITATION = ARXIV:1712.03974;%%"
}

%%\cite{Evans:2017kti}
%\bibitem{Evans:2017kti} 
%  J.~A.~Evans, S.~Gori and J.~Shelton,
%  %``Looking for the WIMP Next Door,''
%  JHEP {\bf 1802}, 100 (2018)
%  doi:10.1007/JHEP02(2018)100
%  [arXiv:1712.03974 [hep-ph]].
%  %%CITATION = doi:10.1007/JHEP02(2018)100;%%
%  %6 citations counted in INSPIRE as of 13 Jun 2018
%  
@article{Curtin:2014cca,
      author         = "Curtin, David and Essig, Rouven and Gori, Stefania and
                        Shelton, Jessie",
      title          = "{Illuminating Dark Photons with High-Energy Colliders}",
      journal        = "JHEP",
      volume         = "02",
      year           = "2015",
      pages          = "157",
      doi            = "10.1007/JHEP02(2015)157",
      eprint         = "1412.0018",
      archivePrefix  = "arXiv",
      primaryClass   = "hep-ph",
      reportNumber   = "YITP-SB-14-49",
      SLACcitation   = "%%CITATION = ARXIV:1412.0018;%%"
}

@article{ElHedri:2017nny,
      author         = "El Hedri, Sonia and Kaminska, Anna and de Vries, Maikel
                        and Zurita, Jose",
      title          = "{Simplified Phenomenology for Colored Dark Sectors}",
      journal        = "JHEP",
      volume         = "04",
      year           = "2017",
      pages          = "118",
      doi            = "10.1007/JHEP04(2017)118",
      eprint         = "1703.00452",
      archivePrefix  = "arXiv",
      primaryClass   = "hep-ph",
      reportNumber   = "MITP-17-002, TTP17-006",
      SLACcitation   = "%%CITATION = ARXIV:1703.00452;%%"
}

@article{Buchmueller:2017uqu,
      author         = "Buchmueller, Oliver and De Roeck, Albert and Hahn,
                        Kristian and McCullough, Matthew and Schwaller, Pedro and
                        Sung, Kevin and Yu, Tien-Tien",
      title          = "{Simplified Models for Displaced Dark Matter Signatures}",
      journal        = "JHEP",
      volume         = "09",
      year           = "2017",
      pages          = "076",
      doi            = "10.1007/JHEP09(2017)076",
      eprint         = "1704.06515",
      archivePrefix  = "arXiv",
      primaryClass   = "hep-ph",
      reportNumber   = "MITP-17-025, CERN-TH-2017-091",
      SLACcitation   = "%%CITATION = ARXIV:1704.06515;%%"
}

@article{Co:2015pka,
      author         = "Co, Raymond T. and D'Eramo, Francesco and Hall, Lawrence
                        J. and Pappadopulo, Duccio",
      title          = "{Freeze-In Dark Matter with Displaced Signatures at
                        Colliders}",
      journal        = "JCAP",
      volume         = "1512",
      year           = "2015",
      number         = "12",
      pages          = "024",
      doi            = "10.1088/1475-7516/2015/12/024",
      eprint         = "1506.07532",
      archivePrefix  = "arXiv",
      primaryClass   = "hep-ph",
      SLACcitation   = "%%CITATION = ARXIV:1506.07532;%%"
}


%%%
%Implementation

@article{Backovic:2015soa,
	author         = "Backovic, Mihailo and Kraemer, Michael and Maltoni,
	Fabio and Martini, Antony and Mawatari, Kentarou and
	Pellen, Mathieu",
	title          = "{Higher-order QCD predictions for dark matter production
	at the LHC in simplified models with s-channel mediators}",
	journal        = "Eur. Phys. J.",
      volume         = "C75",
      year           = "2015",
      number         = "10",
      pages          = "482",
      doi            = "10.1140/epjc/s10052-015-3700-6",
      eprint         = "1508.05327",
      archivePrefix  = "arXiv",
      primaryClass   = "hep-ph",
      reportNumber   = "MCNET-15-24, CP3-15-25, TTK-15-19",
      SLACcitation   = "%%CITATION = ARXIV:1508.05327;%%"
}

%NLO Corrections

@article{doi:10.1146/annurev.nucl.56.100704.122617,
author = {Eric Laenen and Doreen Wackeroth},
title = {Radiative Corrections for the LHC and Linear Collider Era},
journal = {Annual Review of Nuclear and Particle Science},
volume = {59},
number = {1},
pages = {367-396},
year = {2009},
doi = {10.1146/annurev.nucl.56.100704.122617},
URL = { https://doi.org/10.1146/annurev.nucl.56.100704.122617},
}



@article{Lindert:2017olm,
      author         = "Lindert, J. M. and others",
      title          = "{Precise predictions for $V+$ jets dark matter
                        backgrounds}",
      journal        = "Eur. Phys. J.",
      volume         = "C77",
      year           = "2017",
      number         = "12",
      pages          = "829",
      doi            = "10.1140/epjc/s10052-017-5389-1",
      eprint         = "1705.04664",
      archivePrefix  = "arXiv",
      primaryClass   = "hep-ph",
      reportNumber   = "CERN-TH-2017-102, CERN-LPCC-2017-02, IPPP-17-38,
                        FERMILAB-PUB-17-152-T, ZU--TH-12-17,
                        --FERMILAB-PUB-17-152-T",
      SLACcitation   = "%%CITATION = ARXIV:1705.04664;%%"
}

@article{Haisch:2013ata,
      author         = "Haisch, Ulrich and Kahlhoefer, Felix and Re, Emanuele",
      title          = "{QCD} effects in mono-jet searches for dark matter",
      journal        = "JHEP",
      volume         = "1312",
      pages          = "007",
      doi            = "10.1007/JHEP12(2013)007",
      year           = "2013",
      eprint         = "1310.4491",
      archivePrefix  = "arXiv",
      primaryClass   = "hep-ph",
      reportNumber   = "OUTP-13-20P, NSF-KITP-13-241",
      SLACcitation   = "%%CITATION = ARXIV:1310.4491;%%",
}

@article{Neubert:2015fka,
      author         = "Neubert, Matthias and Wang, Jian and Zhang, Cen",
      title          = "{Higher-Order QCD Predictions for Dark Matter Production
                        in Mono-$Z$ Searches at the LHC}",
      journal        = "JHEP",
      volume         = "02",
      year           = "2016",
      pages          = "082",
      doi            = "10.1007/JHEP02(2016)082",
      eprint         = "1509.05785",
      archivePrefix  = "arXiv",
      primaryClass   = "hep-ph",
      reportNumber   = "MITP-15-069",
      SLACcitation   = "%%CITATION = ARXIV:1509.05785;%%"
}

@article{Backovic:2015soa,
      author         = "Backovic, Mihailo and Kraemer, Michael and Maltoni,
                        Fabio and Martini, Antony and Mawatari, Kentarou and
                        Pellen, Mathieu",
      title          = "{Higher-order QCD predictions for dark matter production
                        at the LHC in simplified models with s-channel mediators}",
      journal        = "Eur. Phys. J.",
      volume         = "C75",
      year           = "2015",
      number         = "10",
      pages          = "482",
      doi            = "10.1140/epjc/s10052-015-3700-6",
      eprint         = "1508.05327",
      archivePrefix  = "arXiv",
      primaryClass   = "hep-ph",
      reportNumber   = "MCNET-15-24, CP3-15-25, TTK-15-19",
      SLACcitation   = "%%CITATION = ARXIV:1508.05327;%%"
}

%%%%
%Results
%%%%

%LHC and experiments

@Article{LHC2008,
  Author = {Evans, L. and Bryant, P.},
  Title = "{{LHC Machine}}",
  Year = {2008},
  Journal = {{JINST}}, 
  Volume = {3},
  Pages = {{S08001}},
  doi = {10.1088/1748-0221/3/08/S08001},
  url = {http://dx.doi.org/10.1088/1748-0221/3/08/S08001},
  Annote = {{The LHC in JINST.}}
}
@Article{ALICE2008,
  Author = "{{The ALICE Collaboration}},
  Title = {{The ALICE experiment at the CERN LHC}},
  Year = {2008},
  Journal = {{JINST}},
  Volume = {3},
  Pages = {{S08002}},
  doi = {10.1088/1748-0221/3/08/S08002},
  url = {http://dx.doi.org/10.1088/1748-0221/3/08/S08002},
  Annote = {{The ALICE experiment in JINST.}}
}
@Article{ATLAS2008,
  Author = "{{ATLAS Collaboration}}",
  Title = {{The ATLAS Experiment at the CERN Large Hadron Collider}},
  Year = {2008},
  Journal = {{JINST}},
  Volume = {3},
  Pages = {{S08003}},
  doi = {10.1088/1748-0221/3/08/S08003},
  url = {http://dx.doi.org/10.1088/1748-0221/3/08/S08003},
  Annote = {{The ATLAS experiment in JINST.}}
}
@Article{CMS2008,
  Author = "{{CMS Collaboration}}",
  Title = {{The CMS experiment at the CERN LHC}},
  Year = {2008},
  Journal = {{JINST}},
  Volume = {3},
  Pages = {{S08004}},
  doi = {10.1088/1748-0221/3/08/S08004},
  url = {http://dx.doi.org/10.1088/1748-0221/3/08/S08004},
  Annote = {The CMS detector in JINST.}
}
@article{LHCb2008,
  Author = "{{LHCb Collaboration}}",
  Journal = {{JINST}},
  Pages = {{S08005}},
  Title = {{LHCb Detector at the LHC}},
  Volume = {3},
  Year = {2008},
  Url = {http://dx.doi.org/10.1088/1748-0221/3/08/S08005},
  Doi = {10.1088/1748-0221/3/08/S08005},
  Annote = {LHCb detector in JINST.}
}

@article{Smith:2016vcs,
      author         = "Smith, Wesley H.",
      title          = "{Triggering at the LHC}",
      journal        = "Ann. Rev. Nucl. Part. Sci.",
      volume         = "66",
      year           = "2016",
      pages          = "123-141",
      doi            = "10.1146/annurev-nucl-102115-044713",
      SLACcitation   = "%%CITATION = ARNUA,66,123;%%"
}

@article{Aaboud:2016leb,
      author = "{ATLAS Collaboration}",
      title          = "{Performance of the ATLAS Trigger System in 2015}",
      collaboration  = "ATLAS",
      journal        = "Eur. Phys. J.",
      volume         = "C77",
      year           = "2017",
      number         = "5",
      pages          = "317",
      doi            = "10.1140/epjc/s10052-017-4852-3",
      eprint         = "1611.09661",
      archivePrefix  = "arXiv",
      primaryClass   = "hep-ex",
      reportNumber   = "CERN-EP-2016-241",
      SLACcitation   = "%%CITATION = ARXIV:1611.09661;%%"
}

@article{Khachatryan:2016bia,
      author = "{CMS Collaboration}",
      title          = "{The CMS trigger system}",
      collaboration  = "CMS",
      journal        = "JINST",
      volume         = "12",
      year           = "2017",
      number         = "01",
      pages          = "P01020",
      doi            = "10.1088/1748-0221/12/01/P01020",
      eprint         = "1609.02366",
      archivePrefix  = "arXiv",
      primaryClass   = "physics.ins-det",
      reportNumber   = "CMS-TRG-12-001, CERN-EP-2016-160",
      SLACcitation   = "%%CITATION = ARXIV:1609.02366;%%"
}
%%Reinterpretation

@article{Maguire:2017ypu,
      author         = "Maguire, Eamonn and Heinrich, Lukas and Watt, Graeme",
      title          = "{HEPData: a repository for high energy physics data}",
      booktitle      = "{Proceedings, 22nd International Conference on Computing
                        in High Energy and Nuclear Physics (CHEP2016): San
                        Francisco, CA, October 14-16, 2016}",
      journal        = "J. Phys. Conf. Ser.",
      volume         = "898",
      year           = "2017",
      number         = "10",
      pages          = "102006",
      doi            = "10.1088/1742-6596/898/10/102006",
      eprint         = "1704.05473",
      archivePrefix  = "arXiv",
      primaryClass   = "hep-ex",
      reportNumber   = "IPPP-17-31",
      SLACcitation   = "%%CITATION = ARXIV:1704.05473;%%"
}

%%Z to inv at LEP

@article{ALEPH:2005ab,
      author         = "Schael, S. and others",
      title          = "{Precision electroweak measurements on the $Z$
                        resonance}",
      collaboration  = "SLD Electroweak Group, DELPHI, ALEPH, SLD, SLD Heavy
                        Flavour Group, OPAL, LEP Electroweak Working Group, L3",
      journal        = "Phys. Rept.",
      volume         = "427",
      year           = "2006",
      pages          = "257-454",
      doi            = "10.1016/j.physrep.2005.12.006",
      eprint         = "hep-ex/0509008",
      archivePrefix  = "arXiv",
      primaryClass   = "hep-ex",
      reportNumber   = "SLAC-R-774",
      SLACcitation   = "%%CITATION = HEP-EX/0509008;%%"
}

@article{Carena:2003aj,
      author         = "Carena, Marcela and de Gouvea, Andre and Freitas, Ayres
                        and Schmitt, Michael",
      title          = "{Invisible Z boson decays at e+ e- colliders}",
      journal        = "Phys. Rev.",
      volume         = "D68",
      year           = "2003",
      pages          = "113007",
      doi            = "10.1103/PhysRevD.68.113007",
      eprint         = "hep-ph/0308053",
      archivePrefix  = "arXiv",
      primaryClass   = "hep-ph",
      reportNumber   = "FERMILAB-PUB-03-206-T, NUHEP-EXP-2003-01",
      SLACcitation   = "%%CITATION = HEP-PH/0308053;%%"
}

%%H to inv

%LEP
@article{Abdallah:2004wy,
      author         = "Abdallah, J. and others",
      title          = "{Searches for neutral higgs bosons in extended models}",
      collaboration  = "DELPHI",
      journal        = "Eur. Phys. J.",
      volume         = "C38",
      year           = "2004",
      pages          = "1-28",
      doi            = "10.1140/epjc/s2004-02011-4",
      eprint         = "hep-ex/0410017",
      archivePrefix  = "arXiv",
      primaryClass   = "hep-ex",
      reportNumber   = "CERN-EP-2003-061",
      SLACcitation   = "%%CITATION = HEP-EX/0410017;%%"
}


@article{Dobrescu:2012td,
      author         = "Dobrescu, Bogdan A. and Lykken, Joseph D.",
      title          = "{Coupling spans of the Higgs-like boson}",
      journal        = "JHEP",
      volume         = "02",
      year           = "2013",
      pages          = "073",
      doi            = "10.1007/JHEP02(2013)073",
      eprint         = "1210.3342",
      archivePrefix  = "arXiv",
      primaryClass   = "hep-ph",
      reportNumber   = "FERMILAB-PUB-12-557-T",
      SLACcitation   = "%%CITATION = ARXIV:1210.3342;%%"
}

%Higgs portal/precision results

%CMS

@article{Khachatryan:2016whc,
      author = "{CMS Collaboration}",
      title          = "{Searches for invisible decays of the Higgs boson in pp
                        collisions at sqrt(s) = 7, 8, and 13 TeV}",
      collaboration  = "CMS",
      journal        = "JHEP",
      volume         = "02",
      year           = "2017",
      pages          = "135",
      doi            = "10.1007/JHEP02(2017)135",
      eprint         = "1610.09218",
      archivePrefix  = "arXiv",
      primaryClass   = "hep-ex",
      reportNumber   = "CMS-HIG-16-016, CERN-EP-2016-240",
      SLACcitation   = "%%CITATION = ARXIV:1610.09218;%%"
}


@article{Khachatryan:2016vau,
      author = "{ATLAS and CMS Collaborations}",
      title          = "{Measurements of the Higgs boson production and decay
                        rates and constraints on its couplings from a combined
                        ATLAS and CMS analysis of the LHC pp collision data at $
                        \sqrt{s}=7 $ and 8 TeV}",
      collaboration  = "ATLAS, CMS",
      journal        = "JHEP",
      volume         = "08",
      year           = "2016",
      pages          = "045",
      doi            = "10.1007/JHEP08(2016)045",
      eprint         = "1606.02266",
      archivePrefix  = "arXiv",
      primaryClass   = "hep-ex",
      reportNumber   = "CERN-EP-2016-100, ATLAS-HIGG-2015-07, CMS-HIG-15-002",
      SLACcitation   = "%%CITATION = ARXIV:1606.02266;%%"
}

@article{Aad:2015pla,
      author = "{ATLAS Collaboration}",
      title          = "{Constraints on new phenomena via Higgs boson couplings
                        and invisible decays with the ATLAS detector}",
      collaboration  = "ATLAS",
      journal        = "JHEP",
      volume         = "11",
      year           = "2015",
      pages          = "206",
      doi            = "10.1007/JHEP11(2015)206",
      eprint         = "1509.00672",
      archivePrefix  = "arXiv",
      primaryClass   = "hep-ex",
      reportNumber   = "CERN-PH-EP-2015-191",
      SLACcitation   = "%%CITATION = ARXIV:1509.00672;%%"
}

%Pheno

@article{Beniwal:2015sdl,
      author         = "Beniwal, Ankit and Rajec, Filip and Savage, Christopher
                        and Scott, Pat and Weniger, Christoph and White, Martin
                        and Williams, Anthony G.",
      title          = "{Combined analysis of effective Higgs portal dark matter
                        models}",
      journal        = "Phys. Rev.",
      volume         = "D93",
      year           = "2016",
      number         = "11",
      pages          = "115016",
      doi            = "10.1103/PhysRevD.93.115016",
      eprint         = "1512.06458",
      archivePrefix  = "arXiv",
      primaryClass   = "hep-ph",
      reportNumber   = "ADP-15-52-T954",
      SLACcitation   = "%%CITATION = ARXIV:1512.06458;%%"
}

@article{Low:2011kp,
      author         = "Low, Ian and Schwaller, Pedro and Shaughnessy, Gabe and
                        Wagner, Carlos E. M.",
      title          = "{The dark side of the Higgs boson}",
      journal        = "Phys. Rev.",
      volume         = "D85",
      year           = "2012",
      pages          = "015009",
      doi            = "10.1103/PhysRevD.85.015009",
      eprint         = "1110.4405",
      archivePrefix  = "arXiv",
      primaryClass   = "hep-ph",
      reportNumber   = "ANL-HEP-PR-11-64, MADPH-11-1576",
      SLACcitation   = "%%CITATION = ARXIV:1110.4405;%%"
}

@article{Hoferichter:2017olk,
      author         = "Hoferichter, Martin and Klos, Philipp and Menï¿œndez,
                        Javier and Schwenk, Achim",
      title          = "{Improved limits for Higgs-portal dark matter from LHC
                        searches}",
      journal        = "Phys. Rev. Lett.",
      volume         = "119",
      year           = "2017",
      number         = "18",
      pages          = "181803",
      doi            = "10.1103/PhysRevLett.119.181803",
      eprint         = "1708.02245",
      archivePrefix  = "arXiv",
      primaryClass   = "hep-ph",
      reportNumber   = "INT-PUB-17-031",
      SLACcitation   = "%%CITATION = ARXIV:1708.02245;%%"
}

@article{Dobrescu:2012td,
      author         = "Dobrescu, Bogdan A. and Lykken, Joseph D.",
      title          = "{Coupling spans of the Higgs-like boson}",
      journal        = "JHEP",
      volume         = "02",
      year           = "2013",
      pages          = "073",
      doi            = "10.1007/JHEP02(2013)073",
      eprint         = "1210.3342",
      archivePrefix  = "arXiv",
      primaryClass   = "hep-ph",
      reportNumber   = "FERMILAB-PUB-12-557-T",
      SLACcitation   = "%%CITATION = ARXIV:1210.3342;%%"
}

%PDG

@article{Patrignani:2016xqp,
      author         = "Patrignani, C. and others",
      title          = "{Review of Particle Physics}",
      collaboration  = "Particle Data Group",
      journal        = "Chin. Phys.",
      volume         = "C40",
      year           = "2016",
      number         = "10",
      pages          = "100001",
      doi            = "10.1088/1674-1137/40/10/100001",
      SLACcitation   = "%%CITATION = CHPHD,C40,100001;%%"
}

%%%%%%
%%Monojet

@article{Fox:2011fx,
      author         = "Fox, Patrick J. and Harnik, Roni and Kopp, Joachim and
                        Tsai, Yuhsin",
      title          = "{LEP} Shines Light on Dark Matter",
      journal        = "Phys.Rev.",
      volume         = "D84",
      pages          = "014028",
      doi            = "10.1103/PhysRevD.84.014028",
      year           = "2011",
      eprint         = "1103.0240",
      archivePrefix  = "arXiv",
      primaryClass   = "hep-ph",
      reportNumber   = "FERMILAB-PUB-11-039-T",
      SLACcitation   = "%%CITATION = ARXIV:1103.0240;%%",
}


@article{Sirunyan:2017jix,
      author = "{CMS Collaboration}",
      title          = "{Search for new physics in final states with an energetic
                        jet or a hadronically decaying W or Z boson and transverse
                        momentum imbalance at $\sqrt{s} = $ 13 TeV}",
      collaboration  = "CMS",
      year           = "2017",
      eprint         = "1712.02345",
      archivePrefix  = "arXiv",
      primaryClass   = "hep-ex",
      reportNumber   = "CMS-EXO-16-048, CERN-EP-2017-294",
      SLACcitation   = "%%CITATION = ARXIV:1712.02345;%%"
}

@article{Aaboud:2017phn,
      author = "{ATLAS Collaboration}",
      title          = "{Search for dark matter and other new phenomena in events
                        with an energetic jet and large missing transverse
                        momentum using the ATLAS detector}",
      collaboration  = "ATLAS",
      year           = "2017",
      eprint         = "1711.03301",
      archivePrefix  = "arXiv",
      primaryClass   = "hep-ex",
      reportNumber   = "CERN-EP-2017-230",
      SLACcitation   = "%%CITATION = ARXIV:1711.03301;%%"
}


@article{CMS-PAS-JME-16-004,
      author = "{CMS Collaboration}",
      title         = "{Performance of missing energy reconstruction in 13 TeV pp
                       collision data using the CMS detector}",
      institution   = "CERN",
      collaboration = "CMS Collaboration",
      address       = "Geneva",
      number        = "CMS-PAS-JME-16-004",
      year          = "2016",
      journal  = "CMS-PAS-JME-16-004",
      url           = "http://cds.cern.ch/record/2205284",
}

@article{ATLAS-CONF-2015-029,
      author = "{ATLAS Collaboration}",
      title         = "{Selection of jets produced in 13TeV proton-proton
                       collisions with the ATLAS detector}",
      institution   = "CERN",
      address       = "Geneva",
      number        = "ATLAS-CONF-2015-029",
      month         = "Jul",
      year          = "2015",
      journal  = "ATLAS-CONF-2015-029",
      url           = "https://cds.cern.ch/record/2037702",
}
@article{Collaboration:2242860,
      author = "{CMS Collaboration}",
      title         = "{Simplified likelihood for the re-interpretation of public
                       CMS results}",
      institution   = "CERN",
      collaboration = "CMS Collaboration",
      address       = "Geneva",
      number        = "CMS-NOTE-2017-001. CERN-CMS-NOTE-2017-001",
      month         = "Jan",
      year          = "2017",
      reportNumber  = "CMS-NOTE-2017-001",
      url           = "https://cds.cern.ch/record/2242860",
}

@article{Pobbe:2017wrj,
      author         = "Pobbe, F. and Wulzer, A. and Zanetti, M.",
      title          = "{Setting limits on Effective Field Theories: the case of
                        Dark Matter}",
      journal        = "JHEP",
      volume         = "08",
      year           = "2017",
      pages          = "074",
      doi            = "10.1007/JHEP08(2017)074",
      eprint         = "1704.00736",
      archivePrefix  = "arXiv",
      primaryClass   = "hep-ph",
      SLACcitation   = "%%CITATION = ARXIV:1704.00736;%%"
}

%2015 R monojet
@article{Aaboud:2017buf,
      author = "{ATLAS Collaboration}",
      title          = "{Measurement of detector-corrected observables sensitive
                        to the anomalous production of events with jets and large
                        missing transverse momentum in $pp$ collisions at $\mathbf
                        {\sqrt{s}=13}$  TeV using the ATLAS detector}",
      collaboration  = "{ATLAS Collaboration}",
      journal        = "Eur. Phys. J.",
      volume         = "C77",
      year           = "2017",
      number         = "11",
      pages          = "765",
      doi            = "10.1140/epjc/s10052-017-5315-6",
      eprint         = "1707.03263",
      archivePrefix  = "arXiv",
      primaryClass   = "hep-ex",
      reportNumber   = "CERN-EP-2017-116",
      SLACcitation   = "%%CITATION = ARXIV:1707.03263;%%"
}

%UA1

@article{Ellis:159861,
      author        = "Ellis, S D and Kleiss, R H and Stirling, William James",
      title         = "{Jet activity in W+-, Z0 events: a theoretical analysis}",
      number        = "CERN-TH-4185",
      pages         = "17 p",
      month         = "May",
      year          = "1985",
      url           = "https://cds.cern.ch/record/159861",
}

@article{Arnison:1983rp,
      author         = "Arnison, G. and others",
      title          = "{Experimental Observation of Isolated Large Transverse
                        Energy Electrons with Associated Missing Energy at
                       $\sqrt{s}$=540-GeV}",
      booktitle      = "{Proceedings, 18th Rencontres de Moriond on Gluons and
                        Heavy Flavours: La Plagne, France, January 23-29, 1983}",
      collaboration  = "UA1",
      journal        = "Phys. Lett.",
      volume         = "122B",
      year           = "1983",
      pages          = "103-116",
      doi            = "10.1016/0370-2693(83)91177-2",
      note           = "[,611(1983)]",
      reportNumber   = "CERN-EP-83-13",
      SLACcitation   = "%%CITATION = PHLTA,122B,103;%%"
}

%%%%%%%%%%%%%
%%MonoV(had, lep), photon

%Pheno for monoZ

@article{Petriello:2008pu,
	author         = "Petriello, Frank J. and Quackenbush, Seth and Zurek,
	Kathryn M.",
	title          = "{The Invisible $Z^\prime$ at the CERN LHC}",
	journal        = "Phys.Rev.",
	volume         = "D77",
	pages          = "115020",
	doi            = "10.1103/PhysRevD.77.115020",
	year           = "2008",
	eprint         = "0803.4005",
	archivePrefix  = "arXiv",
	primaryClass   = "hep-ph",
	SLACcitation   = "%%CITATION = ARXIV:0803.4005;%%",
}

@article{Carpenter:2012rg,
      author         = "Carpenter, Linda M. and Nelson, Andrew and Shimmin, Chase
                        and Tait, Tim M. P. and Whiteson, Daniel",
      title          = "{Collider searches for dark matter in events with a Z
                        boson and missing energy}",
      journal        = "Phys. Rev.",
      volume         = "D87",
      year           = "2013",
      number         = "7",
      pages          = "074005",
      doi            = "10.1103/PhysRevD.87.074005",
      eprint         = "1212.3352",
      archivePrefix  = "arXiv",
      primaryClass   = "hep-ex",
      reportNumber   = "UCI-HEP-TR-2012-21",
      SLACcitation   = "%%CITATION = ARXIV:1212.3352;%%"
}

@article{Petriello:2008pu,
      author         = "Petriello, Frank J. and Quackenbush, Seth and Zurek,
                        Kathryn M.",
      title          = "{The Invisible $Z^\prime$ at the CERN LHC}",
      journal        = "Phys. Rev.",
      volume         = "D77",
      year           = "2008",
      pages          = "115020",
      doi            = "10.1103/PhysRevD.77.115020",
      eprint         = "0803.4005",
      archivePrefix  = "arXiv",
      primaryClass   = "hep-ph",
      SLACcitation   = "%%CITATION = ARXIV:0803.4005;%%"
}

@article{Gershtein:2008bf,
      author         = "Gershtein, Yuri and Petriello, Frank and Quackenbush,
                        Seth and Zurek, Kathryn M.",
      title          = "{Discovering hidden sectors with mono-photon $Z^\prime$o
                        searches}",
      journal        = "Phys. Rev.",
      volume         = "D78",
      year           = "2008",
      pages          = "095002",
      doi            = "10.1103/PhysRevD.78.095002",
      eprint         = "0809.2849",
      archivePrefix  = "arXiv",
      primaryClass   = "hep-ph",
      reportNumber   = "FERMILAB-PUB-08-500-A",
      SLACcitation   = "%%CITATION = ARXIV:0809.2849;%%"
}
%substructure
@article{Larkoski:2017jix,
      author         = "Larkoski, Andrew J. and Moult, Ian and Nachman, Benjamin",
      title          = "{Jet Substructure at the Large Hadron Collider: A Review
                        of Recent Advances in Theory and Machine Learning}",
      year           = "2017",
      eprint         = "1709.04464",
      archivePrefix  = "arXiv",
      primaryClass   = "hep-ph",
      SLACcitation   = "%%CITATION = ARXIV:1709.04464;%%"
}

%2015 monoV (had), 13 TeV

@article{Aaboud:2016qgg,
      author = "{ATLAS Collaboration}",
      title          = "{Search for dark matter produced in association with a
                        hadronically decaying vector boson in $pp$ collisions at
                        $\sqrt{s} =$ 13 TeV with the ATLAS detector}",
      collaboration  = "ATLAS",
      journal        = "Phys. Lett.",
      volume         = "B763",
      year           = "2016",
      pages          = "251-268",
      doi            = "10.1016/j.physletb.2016.10.042",
      eprint         = "1608.02372",
      archivePrefix  = "arXiv",
      primaryClass   = "hep-ex",
      reportNumber   = "CERN-EP-2016-180",
      SLACcitation   = "%%CITATION = ARXIV:1608.02372;%%"
}

%2016+2017 monoV (lep), 13 TeV

@article{Aaboud:2017bja,
      author = "{ATLAS Collaboration}",
      title          = "{Search for an invisibly decaying Higgs boson or dark
                        matter candidates produced in association with a $Z$ boson
                        in $pp$ collisions at $\sqrt{s} =$ 13 TeV with the ATLAS
                        detector}",
      collaboration  = "ATLAS",
      journal        = "Phys. Lett.",
      volume         = "B776",
      year           = "2018",
      pages          = "318-337",
      doi            = "10.1016/j.physletb.2017.11.049",
      eprint         = "1708.09624",
      archivePrefix  = "arXiv",
      primaryClass   = "hep-ex",
      reportNumber   = "CERN-EP-2017-166",
      SLACcitation   = "%%CITATION = ARXIV:1708.09624;%%"
}

%CMS Zll
@article{Sirunyan:2017qfc,
      author = "{CMS Collaboration}",
      title          = "{Search for new physics in events with a leptonically
                        decaying Z boson and a large transverse momentum imbalance
                        in proton-proton collisions at $\sqrt{s} $ = 13 TeV}",
      collaboration  = "CMS",
      year           = "2017",
      eprint         = "1711.00431",
      archivePrefix  = "arXiv",
      primaryClass   = "hep-ex",
      reportNumber   = "CMS-EXO-16-052, CERN-EP-2017-259,
                        FERMILAB-PUB-17-534-CMS",
      SLACcitation   = "%%CITATION = ARXIV:1711.00431;%%"
}


%%Monophoton

%Pheno

@article{Birkedal:2004xn,
	author         = "Birkedal, Andreas and Matchev, Konstantin and Perelstein,
	Maxim",
	title          = "{Dark matter at colliders: A Model independent approach}",
	journal        = "Phys.Rev.",
	volume         = "D70",
	pages          = "077701",
	doi            = "10.1103/PhysRevD.70.077701",
	year           = "2004",
	eprint         = "hep-ph/0403004",
	archivePrefix  = "arXiv",
	primaryClass   = "hep-ph",
	reportNumber   = "UFIFT-HEP-04-3",
	SLACcitation   = "%%CITATION = HEP-PH/0403004;%%",
}

@article{Gershtein:2008bf,
	author         = "Gershtein, Yuri and Petriello, Frank and Quackenbush,
	Seth and Zurek, Kathryn M.",
	title          = "{Discovering hidden sectors with mono-photon $Z^\prime$o
	searches}",
	journal        = "Phys.Rev.",
	volume         = "D78",
	pages          = "095002",
	doi            = "10.1103/PhysRevD.78.095002",
	year           = "2008",
	eprint         = "0809.2849",
	archivePrefix  = "arXiv",
	primaryClass   = "hep-ph",
	reportNumber   = "FERMILAB-PUB-08-500-A",
	SLACcitation   = "%%CITATION = ARXIV:0809.2849;%%",
}

%CMS 2015

@article{CMS-PAS-EXO-16-014,
      author = "{CMS Collaboration}",
      title         = "{Search for Dark Matter and Large Extra Dimensions in the
                       $\gamma$ + $\not\!E_{\mathrm{T}}$ final state in pp
                       Collisions at $\sqrt{s}=13~\mathrm{TeV}$}",
      institution   = "CERN",
      collaboration = "CMS Collaboration",
      address       = "Geneva",
      number        = "CMS-PAS-EXO-16-014",
      year          = "2016",
      journal  = "CMS-PAS-EXO-16-014",
      url           = "http://cds.cern.ch/record/2160229",
}

%2015+2016 monophoton, 13 TeV

@article{Aaboud:2017dor,
      author = "{ATLAS Collaboration}",
      title          = "{Search for dark matter at $\sqrt{s}=13$ TeV in final
                        states containing an energetic photon and large missing
                        transverse momentum with the ATLAS detector}",
      collaboration  = "ATLAS",
      journal        = "Eur. Phys. J.",
      volume         = "C77",
      year           = "2017",
      number         = "6",
      pages          = "393",
      doi            = "10.1140/epjc/s10052-017-4965-8",
      eprint         = "1704.03848",
      archivePrefix  = "arXiv",
      primaryClass   = "hep-ex",
      reportNumber   = "CERN-EP-2017-044",
      SLACcitation   = "%%CITATION = ARXIV:1704.03848;%%"
}

%MonoZ'

@article{Autran:2015mfa,
      author         = "Autran, Marcelo and Bauer, Kevin and Lin, Tongyan and
                        Whiteson, Daniel",
      title          = "{Searches for dark matter in events with a resonance and
                        missing transverse energy}",
      journal        = "Phys. Rev.",
      volume         = "D92",
      year           = "2015",
      number         = "3",
      pages          = "035007",
      doi            = "10.1103/PhysRevD.92.035007",
      eprint         = "1504.01386",
      archivePrefix  = "arXiv",
      primaryClass   = "hep-ph",
      SLACcitation   = "%%CITATION = ARXIV:1504.01386;%%"
}


%%%%%%%%%%%%%
%%MonoH 



%CMS 2015+2016
@article{CMS-PAS-EXO-16-054,
      title         = "{Search for Dark Matter Produced in Association with a
                       Higgs Boson Decaying to Two Photons}",
      institution   = "CERN",
      author = "{CMS Collaboration}",
      collaboration = "CMS Collaboration",
      address       = "Geneva",
      number        = "CMS-PAS-EXO-16-054",
      year          = "2017",
      journal  = "CMS-PAS-EXO-16-054",
      url           = "https://cds.cern.ch/record/2264691",
}


%2015+2016 monoHbb, 13 TeV
@article{Aaboud:2017yqz,
      author = "{ATLAS Collaboration}",
      title          = "{Search for Dark Matter Produced in Association with a
                        Higgs Boson Decaying to $b\bar b$ using 36 fb$^{-1}$ of
                        $pp$ collisions at $\sqrt s=13$ TeV with the ATLAS
                        Detector}",
      collaboration  = "ATLAS",
      journal        = "Phys. Rev. Lett.",
      volume         = "119",
      year           = "2017",
      number         = "18",
      pages          = "181804",
      doi            = "10.1103/PhysRevLett.119.181804",
      eprint         = "1707.01302",
      archivePrefix  = "arXiv",
      primaryClass   = "hep-ex",
      reportNumber   = "CERN-EP-2017-117",
      SLACcitation   = "%%CITATION = ARXIV:1707.01302;%%"
}

%2015+2016 monoHgg, 13 TeV

@article{Aaboud:2017uak,
      author = "{ATLAS Collaboration}",
      title          = "{Search for dark matter in association with a Higgs boson
                        decaying to two photons at $\sqrt{s}$ = 13 TeV with the
                        ATLAS detector}",
      collaboration  = "ATLAS",
      journal        = "Phys. Rev.",
      volume         = "D96",
      year           = "2017",
      number         = "11",
      pages          = "112004",
      doi            = "10.1103/PhysRevD.96.112004",
      eprint         = "1706.03948",
      archivePrefix  = "arXiv",
      primaryClass   = "hep-ex",
      reportNumber   = "CERN-EP-2017-079",
      SLACcitation   = "%%CITATION = ARXIV:1706.03948;%%"
}

%%%%%%%%%%%%%
%%DM+HF

%Pheno

@article{Lester:1999tx,
      author         = "Lester, C. G. and Summers, D. J.",
      title          = "{Measuring masses of semiinvisibly decaying particles
                        pair produced at hadron colliders}",
      journal        = "Phys. Lett.",
      volume         = "B463",
      year           = "1999",
      pages          = "99-103",
      doi            = "10.1016/S0370-2693(99)00945-4",
      eprint         = "hep-ph/9906349",
      archivePrefix  = "arXiv",
      primaryClass   = "hep-ph",
      reportNumber   = "CAVENDISH-HEP-99-07",
      SLACcitation   = "%%CITATION = HEP-PH/9906349;%%"
}

@article{Boucheneb:2014wza,
      author         = "Boucheneb, Idir and Cacciapaglia, Giacomo and Deandrea,
                        Aldo and Fuks, Benjamin",
      title          = "{Revisiting monotop production at the LHC}",
      journal        = "JHEP",
      volume         = "01",
      year           = "2015",
      pages          = "017",
      doi            = "10.1007/JHEP01(2015)017",
      eprint         = "1407.7529",
      archivePrefix  = "arXiv",
      primaryClass   = "hep-ph",
      reportNumber   = "CERN-PH-TH-2014-140, LYCEN-2014-11",
      SLACcitation   = "%%CITATION = ARXIV:1407.7529;%%"
}

%CMS


@article{Sirunyan:2018gka,
      author         = "{CMS Collaboration}",
      title          = "{Search for dark matter in events with energetic,
                        hadronically decaying top quarks and missing transverse
                        momentum at $\sqrt{s}=$ 13 TeV}",
      collaboration  = "CMS",
      year           = "2018",
      eprint         = "1801.08427",
      archivePrefix  = "arXiv",
      primaryClass   = "hep-ex",
      reportNumber   = "CMS-EXO-16-051, CERN-EP-2017-299, CMS-EXO-16-051,
                        CERN-EP-2017-299",
      SLACcitation   = "%%CITATION = ARXIV:1801.08427;%%"
}


@article{CMS-PAS-SUS-17-001,
      author = "{CMS Collaboration}",
      title         = "{Search for direct stop pair production in the dilepton
                       final state at $\sqrt{s}=$13 TeV}",
      institution   = "CERN",
      collaboration = "CMS Collaboration",
      address       = "Geneva",
      number        = "CMS-PAS-SUS-17-001",
      year          = "2017",
      journal  = "CMS-PAS-SUS-17-001",
      url           = "https://cds.cern.ch/record/2256753",
}

@article{Sirunyan:2017leh,
      author = "{CMS Collaboration}",
      title          = "{Search for top squarks and dark matter particles in
                        opposite-charge dilepton final states at $\sqrt{s}=$ 13
                        TeV}",
      collaboration  = "CMS",
      year           = "2017",
      eprint         = "1711.00752",
      archivePrefix  = "arXiv",
      primaryClass   = "hep-ex",
      reportNumber   = "CMS-SUS-17-001, CERN-EP-2017-252",
      SLACcitation   = "%%CITATION = ARXIV:1711.00752;%%"
}

@article{Sirunyan:2017xgm,
      author = "{CMS Collaboration}",
      title          = "{Search for dark matter produced in association with
                        heavy-flavor quark pairs in proton-proton collisions at
                        $\sqrt{s}=13$ TeV}",
      collaboration  = "CMS",
      journal        = "Eur. Phys. J.",
      volume         = "C77",
      year           = "2017",
      number         = "12",
      pages          = "845",
      doi            = "10.1140/epjc/s10052-017-5317-4",
      eprint         = "1706.02581",
      archivePrefix  = "arXiv",
      primaryClass   = "hep-ex",
      reportNumber   = "CMS-EXO-16-005, CERN-EP-2017-087",
      SLACcitation   = "%%CITATION = ARXIV:1706.02581;%%"
}

%2015+2016 SUSY 1lep

@article{Aaboud:2017aeu,
      author = "{ATLAS Collaboration}",
      title          = "{Search for top-squark pair production in final states
                        with one lepton, jets, and missing transverse momentum
                        using 36 fb$^{-1}$ of $\sqrt{s}=13$ TeV pp collision data
                        with the ATLAS detector}",
      collaboration  = "ATLAS",
      year           = "2017",
      eprint         = "1711.11520",
      archivePrefix  = "arXiv",
      primaryClass   = "hep-ex",
      reportNumber   = "CERN-EP-2017-246",
      SLACcitation   = "%%CITATION = ARXIV:1711.11520;%%"
}

%2015+2016 ttbar+MET

@article{Aaboud:2017rzf,
      author = "{ATLAS Collaboration}",
      title          = "{Search for dark matter produced in association with
                        bottom or top quarks in $\sqrt{s}$ = 13 TeV pp collisions
                        with the ATLAS detector}",
      collaboration  = "ATLAS",
      year           = "2017",
      eprint         = "1710.11412",
      archivePrefix  = "arXiv",
      primaryClass   = "hep-ex",
      reportNumber   = "CERN-EP-2017-229",
      SLACcitation   = "%%CITATION = ARXIV:1710.11412;%%"
}


%8 TeV monotop

@article{Aad:2014wza,
      author = "{ATLAS Collaboration}",
      title          = "{Search for invisible particles produced in association
                        with single-top-quarks in proton-proton collisions at
                        $\sqrt{s}$ = 8 TeV with the ATLAS detector}",
      collaboration  = "ATLAS",
      journal        = "Eur. Phys. J.",
      volume         = "C75",
      year           = "2015",
      number         = "2",
      pages          = "79",
      doi            = "10.1140/epjc/s10052-014-3233-4",
      eprint         = "1410.5404",
      archivePrefix  = "arXiv",
      primaryClass   = "hep-ex",
      reportNumber   = "CERN-PH-EP-2014-231",
      SLACcitation   = "%%CITATION = ARXIV:1410.5404;%%"
}

%%%%%%%%%
%Dijet 

%Pheno

@article{Fairbairn:2016iuf,
      author         = "Fairbairn, Malcolm and Heal, John and Kahlhoefer, Felix
                        and Tunney, Patrick",
      title          = "{Constraints on Z' models from LHC dijet searches and
                        implications for dark matter}",
      journal        = "JHEP",
      volume         = "09",
      year           = "2016",
      pages          = "018",
      doi            = "10.1007/JHEP09(2016)018",
      eprint         = "1605.07940",
      archivePrefix  = "arXiv",
      primaryClass   = "hep-ph",
      reportNumber   = "KCL-PH-TH-2016-30, DESY-16-093",
      SLACcitation   = "%%CITATION = ARXIV:1605.07940;%%"
}

@article{Harris:2011bh,
      author         = "Harris, Robert M. and Kousouris, Konstantinos",
      title          = "{Searches for Dijet Resonances at Hadron Colliders}",
      journal        = "Int. J. Mod. Phys.",
      volume         = "A26",
      year           = "2011",
      pages          = "5005-5055",
      doi            = "10.1142/S0217751X11054905",
      eprint         = "1110.5302",
      archivePrefix  = "arXiv",
      primaryClass   = "hep-ex",
      reportNumber   = "FERMILAB-PUB-11-567, CERN-OPEN-2011-044",
      SLACcitation   = "%%CITATION = ARXIV:1110.5302;%%"
}

@article{Djouadi:2016ack,
      author         = "Djouadi, Abdelhak and Ellis, John and Quevillon,
                        Jeremie",
      title          = "{Interference effects in the decays of spin-zero
                        resonances into $\gamma \gamma$ and $ t\overline{t} $}",
      journal        = "JHEP",
      volume         = "07",
      year           = "2016",
      pages          = "105",
      doi            = "10.1007/JHEP07(2016)105",
      eprint         = "1605.00542",
      archivePrefix  = "arXiv",
      primaryClass   = "hep-ph",
      reportNumber   = "CERN-TH-2016-095, KCL-PH-TH-2016-20, LPT-ORSAY-16-39,
                        LPT-ORSAY--16--39",
      SLACcitation   = "%%CITATION = ARXIV:1605.00542;%%"
}

%ATLAS dijet+ISR
@article{Aaboud:2018zba,
      author         = "Aaboud, Morad and others",
      title          = "{Search for light resonances decaying to boosted quark
                        pairs and produced in association with a photon or a jet
                        in proton-proton collisions at $\sqrt{s}=13$ TeV with the
                        ATLAS detector}",
      collaboration  = "ATLAS",
      year           = "2018",
      eprint         = "1801.08769",
      archivePrefix  = "arXiv",
      primaryClass   = "hep-ex",
      reportNumber   = "CERN-EP-2017-280, CERN-EP-2017-280",
      SLACcitation   = "%%CITATION = ARXIV:1801.08769;%%"
}

%CMS dijet+ISR 36/fb

@article{Sirunyan:2017nvi,
      author = "{CMS Collaboration}",
      title          = "{Search for low mass vector resonances decaying into
                        quark-antiquark pairs in proton-proton collisions at
                        $\sqrt{s} = $ 13 TeV}",
      collaboration  = "CMS",
      year           = "2017",
      eprint         = "1710.00159",
      archivePrefix  = "arXiv",
      primaryClass   = "hep-ex",
      reportNumber   = "CMS-EXO-17-001, CERN-EP-2017-235",
      SLACcitation   = "%%CITATION = ARXIV:1710.00159;%%"
}

@article{Khachatryan:2016ecr,
      author = "{CMS Collaboration}",
      title          = "{Search for narrow resonances in dijet final states at
                        $\sqrt(s)=$ 8 TeV with the novel CMS technique of data
                        scouting}",
      collaboration  = "CMS",
      journal        = "Phys. Rev. Lett.",
      volume         = "117",
      year           = "2016",
      number         = "3",
      pages          = "031802",
      doi            = "10.1103/PhysRevLett.117.031802",
      eprint         = "1604.08907",
      archivePrefix  = "arXiv",
      primaryClass   = "hep-ex",
      reportNumber   = "CMS-EXO-14-005, CERN-EP-2016-090",
      SLACcitation   = "%%CITATION = ARXIV:1604.08907;%%"
}


@article{Sirunyan:2018xlo,
      author = "{CMS Collaboration}",
      title          = "{Search for narrow and broad dijet resonances in
                        proton-proton collisions at $\sqrt{s}=$ 13 TeV and
                        constraints on dark matter mediators and other new
                        particles}",
      collaboration  = "CMS",
      doi            = "10.3204/PUBDB-2018-02190",
      year           = "2018",
      eprint         = "1806.00843",
      archivePrefix  = "arXiv",
      primaryClass   = "hep-ex",
      reportNumber   = "CMS-EXO-16-056, CERN-EP-2018-123, CMS-EXO-16-056,
                        CERN-EP-2018-123",
      SLACcitation   = "%%CITATION = ARXIV:1806.00843;%%"
}


%CMS dijet angular 2.6/fb
@article{Sirunyan:2017ygf,
      author = "{CMS Collaboration}",
      title          = "{Search for new physics with dijet angular distributions
                        in proton-proton collisions at $ \sqrt{s}=13 $ TeV}",
      collaboration  = "CMS",
      journal        = "JHEP",
      volume         = "07",
      year           = "2017",
      pages          = "013",
      doi            = "10.1007/JHEP07(2017)013",
      eprint         = "1703.09986",
      archivePrefix  = "arXiv",
      primaryClass   = "hep-ex",
      reportNumber   = "CMS-EXO-15-009, CERN-EP-2017-047",
      SLACcitation   = "%%CITATION = ARXIV:1703.09986;%%"
}

%is this the CMS most recent? 36/fb
@article{CMS-PAS-EXO-16-046,
      author = "{CMS Collaboration}",
      title         = "{Search for new physics with dijet angular distributions
                       in proton-proton collisions at $\sqrt{s}=13~\mathrm{TeV}$
                       and constraints on dark matter and other models}",
      institution   = "CERN",
      collaboration = "CMS Collaboration",
      address       = "Geneva",
      number        = "CMS-PAS-EXO-16-046",
      year          = "2017",
      journal  = "CMS-PAS-EXO-16-046",
      url           = "https://cds.cern.ch/record/2273455",
}


%ATLAS TLA CONF
@article{ATLAS:2016xiv,
      author         = "{ATLAS Collaboration}",
      title          = "{Search for light dijet resonances with the ATLAS
                        detector using a Trigger-Level Analysis in LHC pp
                        collisions at $\sqrt{s}=13$~TeV}",
      collaboration  = "ATLAS",
      year           = "2016",
      journal   = "ATLAS-CONF-2016-030",
      SLACcitation   = "%%CITATION = ATLAS-CONF-2016-030;%%"
}

%ATLAS Dijet+ISR CONF
@article{ATLAS:2016bvn,
      author         = "{ATLAS Collaboration}",
      title          = "{Search for new light resonances decaying to jet pairs
                        and produced in association with a photon or a jet in
                        proton-proton collisions at $\sqrt{s}=13$~TeV with the
                        ATLAS detector}",
      collaboration  = "ATLAS",
      year           = "2016",
      journal   = "ATLAS-CONF-2016-070",
      SLACcitation   = "%%CITATION = ATLAS-CONF-2016-070;%%"
}

%ATLAS high-mass dijet
@article{Aaboud:2017yvp,
      author         = "{ATLAS Collaboration}",
      title          = "{Search for new phenomena in dijet events using 37
                        fb$^{-1}$ of $pp$ collision data collected at
                        $\sqrt{s}=$13 TeV with the ATLAS detector}",
      collaboration  = "ATLAS",
      journal        = "Phys. Rev.",
      volume         = "D96",
      year           = "2017",
      number         = "5",
      pages          = "052004",
      doi            = "10.1103/PhysRevD.96.052004",
      eprint         = "1703.09127",
      archivePrefix  = "arXiv",
      primaryClass   = "hep-ex",
      reportNumber   = "CERN-EP-2017-042",
      SLACcitation   = "%%CITATION = ARXIV:1703.09127;%%"
}

%ATLAS bbar
@article{lowMassDiB,
      author        = "{ATLAS~Collaboration}",
      title         = "{Search for resonances below 1.2~TeV from the mass
                       distribution of $b$-jet pairs in proton-proton collisions
                       at $\sqrt{s}$=13 TeV with the ATLAS detector}",
      journal        = "{ATLAS-CONF-2016-031}",
      year          = "2016",
      url           = "http://cdsweb.cern.ch/record/2161136",
}


@article{Aaboud:2018tqo,
      author         = "Aaboud, Morad and others",
      title          = "{Search for resonances in the mass distribution of jet
                        pairs with one or two jets identified as $b$-jets in
                        proton-proton collisions at $\sqrt{s}=13$ TeV with the
                        ATLAS detector}",
      collaboration  = "ATLAS",
      year           = "2018",
      eprint         = "1805.09299",
      archivePrefix  = "arXiv",
      primaryClass   = "hep-ex",
      reportNumber   = "CERN-EP-2018-075, CERN-EP-2018-075",
      SLACcitation   = "%%CITATION = ARXIV:1805.09299;%%"
}

%CMS bbar
@article{CMS-PAS-HIG-16-025,
      author        = "{CMS~Collaboration}",

      title         = "{Search for a narrow heavy decaying to bottom quark pairs
                       in the 13 TeV data sample}",
      institution   = "CERN",
      collaboration = "CMS Collaboration",
      address       = "Geneva",
      number        = "CMS-PAS-HIG-16-025",
      year          = "2016",
      journal  = "CMS-PAS-HIG-16-025",
      url           = "https://cds.cern.ch/record/2204928",
}



%ttbar res with interference
@article{Aaboud:2017hnm,
      author        = "{ATLAS~Collaboration}",
      title          = "{Search for Heavy Higgs Bosons $A/H$ Decaying to a Top
                        Quark Pair in $pp$ Collisions at $\sqrt{s}=8\text{ }\text{
                        }\mathrm{TeV}$ with the ATLAS Detector}",
      collaboration  = "ATLAS",
      journal        = "Phys. Rev. Lett.",
      volume         = "119",
      year           = "2017",
      number         = "19",
      pages          = "191803",
      doi            = "10.1103/PhysRevLett.119.191803",
      eprint         = "1707.06025",
      archivePrefix  = "arXiv",
      primaryClass   = "hep-ex",
      reportNumber   = "CERN-EP-2017-134",
      SLACcitation   = "%%CITATION = ARXIV:1707.06025;%%"
}

%ATLAS dilepton
@article{Aaboud:2017buh,
      author        = "{ATLAS~Collaboration}",
      title          = "{Search for new high-mass phenomena in the dilepton final
                        state using 36 fb$^{?1}$ of proton-proton collision data
                        at $ \sqrt{s}=13 $ TeV with the ATLAS detector}",
      collaboration  = "ATLAS",
      journal        = "JHEP",
      volume         = "10",
      year           = "2017",
      pages          = "182",
      doi            = "10.1007/JHEP10(2017)182",
      eprint         = "1707.02424",
      archivePrefix  = "arXiv",
      primaryClass   = "hep-ex",
      reportNumber   = "CERN-EP-2017-119",
      SLACcitation   = "%%CITATION = ARXIV:1707.02424;%%"
}

%CMS dilepton
@article{Khachatryan:2016zqb,
      author        = "{CMS~Collaboration}",
      title          = "{Search for narrow resonances in dilepton mass spectra in
                        proton-proton collisions at $\sqrt{s}$ = 13 TeV and
                        combination with 8 TeV data}",
      collaboration  = "CMS",
      journal        = "Phys. Lett.",
      volume         = "B768",
      year           = "2017",
      pages          = "57-80",
      doi            = "10.1016/j.physletb.2017.02.010",
      eprint         = "1609.05391",
      archivePrefix  = "arXiv",
      primaryClass   = "hep-ex",
      reportNumber   = "CMS-EXO-15-005, CERN-EP-2016-209,
                        FERMILAB-PUB-16-491-CMS",
      SLACcitation   = "%%CITATION = ARXIV:1609.05391;%%"
}

%%%%%%%%%
%SUSY

@article{Kraml:2013mwa,
      author         = "Kraml, Sabine and Kulkarni, Suchita and Laa, Ursula and
                        Lessa, Andre and Magerl, Wolfgang and
                        Proschofsky-Spindler, Doris and Waltenberger, Wolfgang",
      title          = "{SModelS: a tool for interpreting simplified-model
                        results from the LHC and its application to
                        supersymmetry}",
      journal        = "Eur. Phys. J.",
      volume         = "C74",
      year           = "2014",
      pages          = "2868",
      doi            = "10.1140/epjc/s10052-014-2868-5",
      eprint         = "1312.4175",
      archivePrefix  = "arXiv",
      primaryClass   = "hep-ph",
      SLACcitation   = "%%CITATION = ARXIV:1312.4175;%%"
}

@article{Cahill-Rowley:2014twa,
      author         = "Cahill-Rowley, M. and Hewett, J. L. and Ismail, A. and
                        Rizzo, T. G.",
      title          = "{Lessons and prospects from the pMSSM after LHC Run I}",
      journal        = "Phys. Rev.",
      volume         = "D91",
      year           = "2015",
      number         = "5",
      pages          = "055002",
      doi            = "10.1103/PhysRevD.91.055002",
      eprint         = "1407.4130",
      archivePrefix  = "arXiv",
      primaryClass   = "hep-ph",
      reportNumber   = "SLAC-PUB-15874",
      SLACcitation   = "%%CITATION = ARXIV:1407.4130;%%"
}

@article{Aaboud:2016wna,
      author        = "{ATLAS~Collaboration}",
      title          = "{Dark matter interpretations of ATLAS searches for the
                        electroweak production of supersymmetric particles in $
                        \sqrt{s}=8 $ TeV proton-proton collisions}",
      collaboration  = "ATLAS",
      journal        = "JHEP",
      volume         = "09",
      year           = "2016",
      pages          = "175",
      doi            = "10.1007/JHEP09(2016)175",
      eprint         = "1608.00872",
      archivePrefix  = "arXiv",
      primaryClass   = "hep-ex",
      reportNumber   = "CERN-EP-2016-165",
      SLACcitation   = "%%CITATION = ARXIV:1608.00872;%%"
}

@article{Aad:2015baa,
      author        = "{ATLAS~Collaboration}",
      title          = "{Summary of the ATLAS experiment's sensitivity to
                        supersymmetry after LHC Run 1 interpreted in the
                        phenomenological MSSM}",
      collaboration  = "ATLAS",
      journal        = "JHEP",
      volume         = "10",
      year           = "2015",
      pages          = "134",
      doi            = "10.1007/JHEP10(2015)134",
      eprint         = "1508.06608",
      archivePrefix  = "arXiv",
      primaryClass   = "hep-ex",
      reportNumber   = "CERN-PH-EP-2015-214",
      SLACcitation   = "%%CITATION = ARXIV:1508.06608;%%"
}


@article{Khachatryan:2016nvf,
      author        = "{CMS~Collaboration}",
      title          = "{Phenomenological MSSM interpretation of CMS searches in
                        pp collisions at sqrt(s) = 7 and 8 TeV}",
      collaboration  = "CMS",
      journal        = "JHEP",
      volume         = "10",
      year           = "2016",
      pages          = "129",
      doi            = "10.1007/JHEP10(2016)129",
      eprint         = "1606.03577",
      archivePrefix  = "arXiv",
      primaryClass   = "hep-ex",
      reportNumber   = "CMS-SUS-15-010, CERN-EP-2016-094",
      SLACcitation   = "%%CITATION = ARXIV:1606.03577;%%"
}

%squarks and gluinos

@article{Aaboud:2017bac,
      author        = "{ATLAS~Collaboration}",
      title          = "{Search for squarks and gluinos in events with an
                        isolated lepton, jets, and missing transverse momentum at
                        $\sqrt{s}=13$ TeV with the ATLAS detector}",
      collaboration  = "ATLAS",
      journal        = "Phys. Rev.",
      volume         = "D96",
      year           = "2017",
      number         = "11",
      pages          = "112010",
      doi            = "10.1103/PhysRevD.96.112010",
      eprint         = "1708.08232",
      archivePrefix  = "arXiv",
      primaryClass   = "hep-ex",
      reportNumber   = "CERN-EP-2017-140",
      SLACcitation   = "%%CITATION = ARXIV:1708.08232;%%"
}

@article{Sirunyan:2017yse,
      author         = "{CMS Collaboration}",
      title          = "{Search for supersymmetry in events with at least one
                        photon, missing transverse momentum, and large transverse
                        event activity in proton-proton collisions at $
                        \sqrt{s}=13 $ TeV}",
      collaboration  = "CMS",
      journal        = "JHEP",
      volume         = "12",
      year           = "2017",
      pages          = "142",
      doi            = "10.1007/JHEP12(2017)142",
      eprint         = "1707.06193",
      archivePrefix  = "arXiv",
      primaryClass   = "hep-ex",
      reportNumber   = "CMS-SUS-16-047, CERN-EP-2017-130",
      SLACcitation   = "%%CITATION = ARXIV:1707.06193;%%"
}

%EW SUSY strongest result ATLAS
@article{ATLAS:2017uun,
      author         = "{ATLAS Collaboration}",
      title          = "{Search for electroweak production of supersymmetric
                        particles in the two and three lepton final state at
                        $\boldmath{\sqrt{s}=13\,}$TeV with the ATLAS detector}",
      collaboration  = "ATLAS",
      year           = "2017",
      journal   = "ATLAS-CONF-2017-039",
      SLACcitation   = "%%CITATION = ATLAS-CONF-2017-039;%%"
}

@article{Aaboud:2016wna,
      author         = "Aaboud, Morad and others",
      title          = "{Dark matter interpretations of ATLAS searches for the
                        electroweak production of supersymmetric particles in $
                        \sqrt{s}=8 $ TeV proton-proton collisions}",
      collaboration  = "ATLAS",
      journal        = "JHEP",
      volume         = "09",
      year           = "2016",
      pages          = "175",
      doi            = "10.1007/JHEP09(2016)175",
      eprint         = "1608.00872",
      archivePrefix  = "arXiv",
      primaryClass   = "hep-ex",
      reportNumber   = "CERN-EP-2016-165",
      SLACcitation   = "%%CITATION = ARXIV:1608.00872;%%"
}

@article{Aaboud:2017leg,
      author = "{ATLAS Collaboration}",
      title          = "{Search for electroweak production of supersymmetric
                        states in scenarios with compressed mass spectra at
                        $\sqrt{s}=13$ TeV with the ATLAS detector}",
      collaboration  = "ATLAS",
      year           = "2017",
      eprint         = "1712.08119",
      archivePrefix  = "arXiv",
      primaryClass   = "hep-ex",
      reportNumber   = "CERN-EP-2017-297",
      SLACcitation   = "%%CITATION = ARXIV:1712.08119;%%"
}

@article{CMS:2014gxa,
      author = "{CMS Collaboration}",
      title          = "{Search for disappearing tracks in proton-proton
                        collisions at $ \sqrt{s}=8 $ TeV}",
      collaboration  = "CMS",
      journal        = "JHEP",
      volume         = "01",
      year           = "2015",
      pages          = "096",
      doi            = "10.1007/JHEP01(2015)096",
      eprint         = "1411.6006",
      archivePrefix  = "arXiv",
      primaryClass   = "hep-ex",
      reportNumber   = "CMS-EXO-12-034, CERN-PH-EP-2014-273",
      SLACcitation   = "%%CITATION = ARXIV:1411.6006;%%"
}

@article{ATL-PHYS-PUB-2017-019,
      author = "{ATLAS Collaboration}",
      title         = "{Search for direct pair production of higgsinos by the
                       reinterpretation of the disappearing track analysis with
                       36.1 fb$^{-1}$ of $\sqrt{s}=13$ TeV data collected with the
                       ATLAS experiment}",
      institution   = "CERN",
      collaboration = "{ATLAS Collaboration}",
      address       = "Geneva",
      number        = "ATL-PHYS-PUB-2017-019",
      month         = "Dec",
      year          = "2017",
      reportNumber  = "ATL-PHYS-PUB-2017-019",
      url           = "https://cds.cern.ch/record/2297480",
}

@article{Sirunyan:2018ubx,
      author = "{CMS Collaboration}",
      title          = "{Combined search for electroweak production of charginos
                        and neutralinos in proton-proton collisions at $\sqrt{s}
                        =$ 13 TeV}",
      collaboration  = "CMS",
      year           = "2018",
      eprint         = "1801.03957",
      archivePrefix  = "arXiv",
      primaryClass   = "hep-ex",
      reportNumber   = "CMS-SUS-17-004, CERN-EP-2017-283",
      SLACcitation   = "%%CITATION = ARXIV:1801.03957;%%"
}

@article{Sirunyan:2017wif,
      author        = "{CMS~Collaboration}",
      title          = "{Search for direct production of supersymmetric partners
                        of the top quark in the all-jets final state in
                        proton-proton collisions at $ \sqrt{s}=13 $ TeV}",
      collaboration  = "CMS",
      journal        = "JHEP",
      volume         = "10",
      year           = "2017",
      pages          = "005",
      doi            = "10.1007/JHEP10(2017)005",
      eprint         = "1707.03316",
      archivePrefix  = "arXiv",
      primaryClass   = "hep-ex",
      reportNumber   = "CMS-SUS-16-049, CERN-EP-2017-129",
      SLACcitation   = "%%CITATION = ARXIV:1707.03316;%%"
}

@article{Conley:2010du,
      author         = "Conley, John A. and Gainer, James S. and Hewett, JoAnne
                        L. and Le, My Phuong and Rizzo, Thomas G.",
      title          = "{Supersymmetry Without Prejudice at the LHC}",
      journal        = "Eur. Phys. J.",
      volume         = "C71",
      year           = "2011",
      pages          = "1697",
      doi            = "10.1140/epjc/s10052-011-1697-z",
      eprint         = "1009.2539",
      archivePrefix  = "arXiv",
      primaryClass   = "hep-ph",
      reportNumber   = "SLAC-PUB-14094, ANL-HEP-PR-10-15, NUHEP-TH-10-06,
                        BONN-TH-2010-03",
      SLACcitation   = "%%CITATION = ARXIV:1009.2539;%%"
}

@online{ATLASSUSYSummary,
 author  = "{ATLAS Collaboration}",
 title   = "{Supersymmetry Public Results}",
 year    = "2018",
 urlseen = "01-01-18",
 url     = "https://twiki.cern.ch/twiki/bin/view/AtlasPublic/SupersymmetryPublicResults",
 note    = "\url{https://twiki.cern.ch/twiki/bin/view/AtlasPublic/SupersymmetryPublicResults}",
}

@online{CMSSUSYSummary,
 author  = "{CMS Collaboration}",
 title   = "{Supersymmetry Public Results}",
 year    = "2018",
 urlseen = "01-01-18",
 url     = "https://twiki.cern.ch/twiki/bin/view/CMSPublic/PhysicsResultsSUS",
 note    = "\url{https://twiki.cern.ch/twiki/bin/view/CMSPublic/PhysicsResultsSUS}",
}

@article{Athron:2017ard,
      author         = "Athron, Peter and others",
      title          = "{GAMBIT: The Global and Modular Beyond-the-Standard-Model
                        Inference Tool}",
      collaboration  = "GAMBIT",
      journal        = "Eur. Phys. J.",
      volume         = "C77",
      year           = "2017",
      number         = "11",
      pages          = "784",
      doi            = "10.1140/epjc/s10052-017-5321-8",
      eprint         = "1705.07908",
      archivePrefix  = "arXiv",
      primaryClass   = "hep-ph",
      reportNumber   = "COEPP-MN-17-6, CERN-TH-2017-166, NORDITA-2017-074,
                        DESY-17-236",
      SLACcitation   = "%%CITATION = ARXIV:1705.07908;%%"
}

@article{Bagnaschi:2017tru,
      author         = "Bagnaschi, E. and others",
      title          = "{Likelihood Analysis of the pMSSM11 in Light of LHC
                        13-TeV Data}",
      year           = "2017",
      eprint         = "1710.11091",
      archivePrefix  = "arXiv",
      primaryClass   = "hep-ph",
      reportNumber   = "KCL-PH-TH-2017-22, CERN-PH-TH-2017-087, DESY-17-059,
                        IFT-UAM-CSIC-17-035, FTPI-MINN-17-17, UMN-TH-3701-17",
      SLACcitation   = "%%CITATION = ARXIV:1710.11091;%%"
}

%%%%%%%%%
%Dark photons & LLP

%%Theory

%SIMP
@article{Hochberg:2014dra,
      author         = "Hochberg, Yonit and Kuflik, Eric and Volansky, Tomer and
                        Wacker, Jay G.",
      title          = "{Mechanism for Thermal Relic Dark Matter of Strongly
                        Interacting Massive Particles}",
      journal        = "Phys. Rev. Lett.",
      volume         = "113",
      year           = "2014",
      pages          = "171301",
      doi            = "10.1103/PhysRevLett.113.171301",
      eprint         = "1402.5143",
      archivePrefix  = "arXiv",
      primaryClass   = "hep-ph",
      SLACcitation   = "%%CITATION = ARXIV:1402.5143;%%"
}

%Relic for split SUSY
@article{Masiero:2004ft,
      author         = "Masiero, Antonio and Profumo, Stefano and Ullio, Piero",
      title          = "{Neutralino dark matter detection in split supersymmetry
                        scenarios}",
      journal        = "Nucl. Phys.",
      volume         = "B712",
      year           = "2005",
      pages          = "86-114",
      doi            = "10.1016/j.nuclphysb.2005.01.028",
      eprint         = "hep-ph/0412058",
      archivePrefix  = "arXiv",
      primaryClass   = "hep-ph",
      reportNumber   = "SISSA-95-2004-EP, FSU-HEP-041122",
      SLACcitation   = "%%CITATION = HEP-PH/0412058;%%"
}

%Relic for coannihilation
@article{Ellis:1999mm,
      author         = "Ellis, John R. and Falk, Toby and Olive, Keith A. and
                        Srednicki, Mark",
      title          = "{Calculations of neutralino-stau coannihilation channels
                        and the cosmologically relevant region of MSSM parameter
                        space}",
      journal        = "Astropart. Phys.",
      volume         = "13",
      year           = "2000",
      pages          = "181-213",
      doi            = "10.1016/S0927-6505(99)00104-8",
      note           = "[Erratum: Astropart. Phys.15,413(2001)]",
      eprint         = "hep-ph/9905481",
      archivePrefix  = "arXiv",
      primaryClass   = "hep-ph",
      reportNumber   = "CERN-TH-99-146, MADPH-99-1117, TPI-MINN-99-28,
                        UMN-TH-1801-99",
      SLACcitation   = "%%CITATION = HEP-PH/9905481;%%"
}

%GMSB
@article{Dimopoulos:1996vz,
      author         = "Dimopoulos, Savas and Dine, Michael and Raby, Stuart and
                        Thomas, Scott D.",
      title          = "{Experimental signatures of low-energy gauge mediated
                        supersymmetry breaking}",
      journal        = "Phys. Rev. Lett.",
      volume         = "76",
      year           = "1996",
      pages          = "3494-3497",
      doi            = "10.1103/PhysRevLett.76.3494",
      eprint         = "hep-ph/9601367",
      archivePrefix  = "arXiv",
      primaryClass   = "hep-ph",
      reportNumber   = "SLAC-PUB-7104, SCIPP-96-08",
      SLACcitation   = "%%CITATION = HEP-PH/9601367;%%"
}

%First paper
@article{Holdom:1985ag,
      author         = "Holdom, Bob",
      title          = "{Two U(1)'s and Epsilon Charge Shifts}",
      journal        = "Phys. Lett.",
      volume         = "166B",
      year           = "1986",
      pages          = "196-198",
      doi            = "10.1016/0370-2693(86)91377-8",
      reportNumber   = "UTPT-85-30",
      SLACcitation   = "%%CITATION = PHLTA,166B,196;%%"
}

%Snowmass
@inproceedings{Essig:2013lka,
      author         = "Essig, Rouven and others",
      title          = "{Working Group Report: New Light Weakly Coupled
                        Particles}",
      booktitle      = "{Proceedings, 2013 Community Summer Study on the Future
                        of U.S. Particle Physics: Snowmass on the Mississippi
                        (CSS2013): Minneapolis, MN, USA, July 29-August 6, 2013}",
      url            = "https://inspirehep.net/record/1263039/files/arXiv:1311.0029.pdf",
      year           = "2013",
      eprint         = "1311.0029",
      archivePrefix  = "arXiv",
      primaryClass   = "hep-ph",
      reportNumber   = "YITP-SB-36",
      SLACcitation   = "%%CITATION = ARXIV:1311.0029;%%"
}

%Strassler & Zurek 
@article{Strassler:2006im,
      author         = "Strassler, Matthew J. and Zurek, Kathryn M.",
      title          = "{Echoes of a hidden valley at hadron colliders}",
      journal        = "Phys. Lett.",
      volume         = "B651",
      year           = "2007",
      pages          = "374-379",
      doi            = "10.1016/j.physletb.2007.06.055",
      eprint         = "hep-ph/0604261",
      archivePrefix  = "arXiv",
      primaryClass   = "hep-ph",
      SLACcitation   = "%%CITATION = HEP-PH/0604261;%%"
}



%%Experiment

%Milliqan
@article{Ball:2016zrp,
      author         = "Ball, Austin and others",
      title          = "{A Letter of Intent to Install a milli-charged Particle
                        Detector at LHC P5}",
      year           = "2016",
      eprint         = "1607.04669",
      archivePrefix  = "arXiv",
      primaryClass   = "physics.ins-det",
      SLACcitation   = "%%CITATION = ARXIV:1607.04669;%%"
}

%Mathusla
@article{Chou:2016lxi,
      author         = "Chou, John Paul and Curtin, David and Lubatti, H. J.",
      title          = "{New Detectors to Explore the Lifetime Frontier}",
      journal        = "Phys. Lett.",
      volume         = "B767",
      year           = "2017",
      pages          = "29-36",
      doi            = "10.1016/j.physletb.2017.01.043",
      eprint         = "1606.06298",
      archivePrefix  = "arXiv",
      primaryClass   = "hep-ph",
      SLACcitation   = "%%CITATION = ARXIV:1606.06298;%%"
}

@article{Aaboud:2017mpt,
      author         = "{ATLAS Collaboration}",
      title          = "{Search for long-lived charginos based on a
                        disappearing-track signature in $pp$ collisions at
                        $\sqrt{s}$ = 13 TeV with the ATLAS detector}",
      collaboration  = "ATLAS",
      year           = "2017",
      eprint         = "1712.02118",
      archivePrefix  = "arXiv",
      primaryClass   = "hep-ex",
      reportNumber   = "CERN-EP-2017-179",
      SLACcitation   = "%%CITATION = ARXIV:1712.02118;%%"
}

%LLP lepton-jet

@article{ATLAS:2016jza,
      author         = "{ATLAS Collaboration}",
      title          = "{Search for long-lived neutral particles decaying into
                        displaced lepton jets in proton--proton collisions at
                        $\sqrt{s}$ = 13 TeV with the ATLAS detector}",
      collaboration  = "ATLAS",
      year           = "2016",
      journal   = "ATLAS-CONF-2016-042",
      SLACcitation   = "%%CITATION = ATLAS-CONF-2016-042;%%"
}

@article{Aad:2014yea,
      author = "{ATLAS Collaboration}",
      title          = "{Search for long-lived neutral particles decaying into
                        lepton jets in proton-proton collisions at $ \sqrt{s}=8 $
                        TeV with the ATLAS detector}",
      collaboration  = "ATLAS",
      journal        = "JHEP",
      volume         = "11",
      year           = "2014",
      pages          = "088",
      doi            = "10.1007/JHEP11(2014)088",
      eprint         = "1409.0746",
      archivePrefix  = "arXiv",
      primaryClass   = "hep-ex",
      reportNumber   = "CERN-PH-EP-2014-209",
      SLACcitation   = "%%CITATION = ARXIV:1409.0746;%%"
}

%ATLAS ZDark 8 TeV

@article{Aad:2015sva,
      author         = "{ATLAS Collaboration}",
      title          = "{Search for new light gauge bosons in Higgs boson decays
                        to four-lepton final states in $pp$ collisions at
                        $\sqrt{s}=8$ TeV with the ATLAS detector at the LHC}",
      collaboration  = "ATLAS",
      journal        = "Phys. Rev.",
      volume         = "D92",
      year           = "2015",
      number         = "9",
      pages          = "092001",
      doi            = "10.1103/PhysRevD.92.092001",
      eprint         = "1505.07645",
      archivePrefix  = "arXiv",
      primaryClass   = "hep-ex",
      reportNumber   = "CERN-PH-EP-2015-111",
      SLACcitation   = "%%CITATION = ARXIV:1505.07645;%%"
}

%CMS lepton-jet
@article{CMS-PAS-HIG-16-035,
      author = "{CMS Collaboration}",
      title         = "{A Search for Beyond Standard Model Light Bosons Decaying
                       into Muon Pairs}",
      institution   = "CERN",
      collaboration = "CMS Collaboration",
      address       = "Geneva",
      number        = "CMS-PAS-HIG-16-035",
      year          = "2016",
      journal  = "CMS-PAS-HIG-16-035",
      url           = "https://cds.cern.ch/record/2232052",
}

@article{CMS:2014wda,
      author         = "Khachatryan, Vardan and others",
      title          = "{Search for Long-Lived Neutral Particles Decaying to
                        Quark-Antiquark Pairs in Proton-Proton Collisions at
                        $\sqrt{s} =$ 8 TeV}",
      collaboration  = "CMS",
      journal        = "Phys. Rev.",
      volume         = "D91",
      year           = "2015",
      number         = "1",
      pages          = "012007",
      doi            = "10.1103/PhysRevD.91.012007",
      eprint         = "1411.6530",
      archivePrefix  = "arXiv",
      primaryClass   = "hep-ex",
      reportNumber   = "CMS-EXO-12-038, CERN-PH-EP-2014-256",
      SLACcitation   = "%%CITATION = ARXIV:1411.6530;%%"
}

%CMS
@article{Chatrchyan:2012cg,
      author         = "Chatrchyan, Serguei and others",
      title          = "{Search for a non-standard-model Higgs boson decaying to
                        a pair of new light bosons in four-muon final states}",
      collaboration  = "CMS",
      journal        = "Phys. Lett.",
      volume         = "B726",
      year           = "2013",
      pages          = "564-586",
      doi            = "10.1016/j.physletb.2013.09.009",
      eprint         = "1210.7619",
      archivePrefix  = "arXiv",
      primaryClass   = "hep-ex",
      reportNumber   = "CMS-EXO-12-012, CERN-PH-EP-2012-292",
      SLACcitation   = "%%CITATION = ARXIV:1210.7619;%%"
}

%CMS split SUSY

@article{Sirunyan:2018vjp,
      author         = "{CMS Collaboration}",
      title          = "{Search for natural and split supersymmetry in
                        proton-proton collisions at $\sqrt{s} =$ 13 TeV in final
                        states with jets and missing transverse momentum}",
      collaboration  = "CMS",
      year           = "2018",
      eprint         = "1802.02110",
      archivePrefix  = "arXiv",
      primaryClass   = "hep-ex",
      reportNumber   = "CMS-SUS-16-038, CERN-EP-2018-003, CMS-SUS-16-038,
                        CERN-EP-2018-003",
      SLACcitation   = "%%CITATION = ARXIV:1802.02110;%%"
}

%CMS EW compressed SUSY

@article{Sirunyan:2017zss,
      author         = "{CMS Collaboration}",
      title          = "{Search for electroweak production of charginos and
                        neutralinos in WH events in proton-proton collisions at $
                        \sqrt{s}=13 $ TeV}",
      collaboration  = "CMS",
      journal        = "JHEP",
      volume         = "11",
      year           = "2017",
      pages          = "029",
      doi            = "10.1007/JHEP11(2017)029",
      eprint         = "1706.09933",
      archivePrefix  = "arXiv",
      primaryClass   = "hep-ex",
      reportNumber   = "CMS-SUS-16-043, CERN-EP-2017-113",
      SLACcitation   = "%%CITATION = ARXIV:1706.09933;%%"
}

%LHCb
@article{Aaij:2017rft,
      author         = "{LHCb Collaboration}",
      title          = "{Search for dark photons produced in 13 TeV $pp$
                        collisions}",
      collaboration  = "LHCb",
      year           = "2017",
      eprint         = "1710.02867",
      archivePrefix  = "arXiv",
      primaryClass   = "hep-ex",
      reportNumber   = "LHCB-PAPER-2017-038, CERN-EP-2017-248",
      SLACcitation   = "%%CITATION = ARXIV:1710.02867;%%"
}

@article{Aaij:2016qsm,
      author         = "{LHCb Collaboration}",
      title          = "{Search for long-lived scalar particles in $B^+ \to K^+
                        \chi (\mu^+\mu^-)$ decays}",
      collaboration  = "LHCb",
      journal        = "Phys. Rev.",
      volume         = "D95",
      year           = "2017",
      number         = "7",
      pages          = "071101",
      doi            = "10.1103/PhysRevD.95.071101",
      eprint         = "1612.07818",
      archivePrefix  = "arXiv",
      primaryClass   = "hep-ex",
      reportNumber   = "CERN-EP-2016-302, LHCB-PAPER-2016-052",
      SLACcitation   = "%%CITATION = ARXIV:1612.07818;%%"
}

%BaBar
@article{Lees:2014xha,
      author         = "{BaBar Collaboration}",
      title          = "{Search for a Dark Photon in $e^+e^-$ Collisions at
                        BaBar}",
      collaboration  = "BaBar",
      journal        = "Phys. Rev. Lett.",
      volume         = "113",
      year           = "2014",
      number         = "20",
      pages          = "201801",
      doi            = "10.1103/PhysRevLett.113.201801",
      eprint         = "1406.2980",
      archivePrefix  = "arXiv",
      primaryClass   = "hep-ex",
      reportNumber   = "BABAR-PUB-14-002, SLAC-PUB-15979",
      SLACcitation   = "%%CITATION = ARXIV:1406.2980;%%"
}

%BaBar
@article{Lees:2017lec,
      author         = "Lees, J. P. and others",
      title          = "{Search for Invisible Decays of a Dark Photon Produced in
                        ${e}^{+}{e}^{-}$ Collisions at BaBar}",
      collaboration  = "BaBar",
      journal        = "Phys. Rev. Lett.",
      volume         = "119",
      year           = "2017",
      number         = "13",
      pages          = "131804",
      doi            = "10.1103/PhysRevLett.119.131804",
      eprint         = "1702.03327",
      archivePrefix  = "arXiv",
      primaryClass   = "hep-ex",
      reportNumber   = "BABAR-PUB-17-001, SLAC-PUB-16923",
      SLACcitation   = "%%CITATION = ARXIV:1702.03327;%%"
}

%%%%
%performance

%Not cited
@article{Bertolini:2014bba,
      author         = "Bertolini, Daniele and others",
      title          = "{Pileup Per Particle Identification}",
      journal        = "JHEP",
      volume         = "10",
      year           = "2014",
      pages          = "059",
      doi            = "10.1007/JHEP10(2014)059",
      eprint         = "1407.6013",
      archivePrefix  = "arXiv",
      primaryClass   = "hep-ph",
      reportNumber   = "FERMILAB-PUB-14-238-PPD, EFI-14-18, MIT-CTP-4558",
      SLACcitation   = "%%CITATION = ARXIV:1407.6013;%%"
}

@article{CMS:2014ata,
      author         = "{CMS Collaboration}",
      title          = "{Pileup Removal Algorithms}",
      collaboration  = "CMS",
      year           = "2014",
      journal   = "CMS-PAS-JME-14-001",
      SLACcitation   = "%%CITATION = CMS-PAS-JME-14-001;%%"
}

%  author={D Abbaneo},
@article{1748-0221-6-12-C12065,
  author         = "{CMS Collaboration}",
  title={{Upgrade of the CMS Tracker with tracking trigger}},
  journal={JINST},
  volume={6},
  number={12},
  pages={C12065},
  url={http://stacks.iop.org/1748-0221/6/i=12/a=C12065},
  year={2011}
  }

%  author={M Shochet et al},
@article{Shochet:2013gaw,
      author         = "{ATLAS Collaboration}",
      title          = "{Fast TracKer (FTK) Technical Design Report}",
      year           = "2013",
      journal   = "CERN-LHCC-2013-007, ATLAS-TDR-021",
      reportNumber   = "CERN-LHCC-2013-007, ATLAS-TDR-021",
      url           = "https://cds.cern.ch/record/1552953",
      SLACcitation   = "%%CITATION = CERN-LHCC-2013-007;%%"
}


@article{Aad:2016nrq,
      author = "{ATLAS Collaboration}",
      title          = "{Performance of algorithms that reconstruct missing
                        transverse momentum in $\sqrt{s}=$ 8 TeV proton-proton
                        collisions in the ATLAS detector}",
      collaboration  = "ATLAS",
      journal        = "Eur. Phys. J.",
      volume         = "C77",
      year           = "2017",
      number         = "4",
      pages          = "241",
      doi            = "10.1140/epjc/s10052-017-4780-2",
      eprint         = "1609.09324",
      archivePrefix  = "arXiv",
      primaryClass   = "hep-ex",
      reportNumber   = "CERN-EP-2016-134",
      SLACcitation   = "%%CITATION = ARXIV:1609.09324;%%"
}

@article{ATLAS-CONF-2014-019,
      author = "{ATLAS Collaboration}",
      title         = "{Pile-up Suppression in Missing Transverse Momentum
                       Reconstruction in the ATLAS Experiment in Proton-Proton
                       Collisions at sqrt{s} = 8 TeV}",
      institution   = "CERN",
      address       = "Geneva",
      number        = "ATLAS-CONF-2014-019",
      month         = "May",
      year          = "2014",
      journal  = "ATLAS-CONF-2014-019",
      url           = "https://cds.cern.ch/record/1702055",
}

@article{Aaij:2016rxn,
      author         = "{LHCb Collaboration}",
      title          = "{Tesla : an application for real-time data analysis in
                        High Energy Physics}",
      journal        = "Comput. Phys. Commun.",
      volume         = "208",
      year           = "2016",
      pages          = "35-42",
      doi            = "10.1016/j.cpc.2016.07.022",
      eprint         = "1604.05596",
      archivePrefix  = "arXiv",
      primaryClass   = "physics.ins-det",
      reportNumber   = "CERN-LHCB-DP-2016-001",
      SLACcitation   = "%%CITATION = ARXIV:1604.05596;%%"
}

%%%%
%04 Comparisons
%%%%

%Most recent reviews of DD and ID (in absence of anything better?)
@article{DMDD_NaturePhysics,
	Author = {Liu, Jianglai and Chen, Xun and Ji, Xiangdong},
	Date = {2017/03/02/online},
	Date-Added = {2018-01-06 12:23:42 +0000},
	Date-Modified = {2018-01-06 12:23:42 +0000},
	Day = {02},
	Journal = {Nature Physics},
	L3 = {10.1038/nphys4039; },
	Month = {03},
	Pages = {212 EP  -},
	Publisher = {Nature Publishing Group SN  -},
	Title = {Current status of direct dark matter detection experiments},
	Ty = {JOUR},
	Url = {http://dx.doi.org/10.1038/nphys4039},
	Volume = {13},
	Year = {2017},
	Bdsk-Url-1 = {http://dx.doi.org/10.1038/nphys4039}
}

@article{DMID_NaturePhysics,
	Author = {Conrad, Jan and Reimer, Olaf},
	Journal = {Nature Physics},
	Month = {03},
	Pages = {224 EP  -},
	Title = {Indirect dark matter searches in gamma and cosmic rays},
	Volume = {13},
	Year = {2017},
	Url = {http://dx.doi.org/10.1038/nphys4049},
}

%I prefer this one tbh on ID
@article{Gaskins:2016cha,
      author         = "Gaskins, Jennifer M.",
      title          = "{A review of indirect searches for particle dark matter}",
      journal        = "Contemp. Phys.",
      volume         = "57",
      year           = "2016",
      number         = "4",
      pages          = "496-525",
      doi            = "10.1080/00107514.2016.1175160",
      eprint         = "1604.00014",
      archivePrefix  = "arXiv",
      primaryClass   = "astro-ph.HE",
      SLACcitation   = "%%CITATION = ARXIV:1604.00014;%%"
}

%And I prefer this one for DD
@article{0954-3899-43-1-013001,
  author={Teresa Marrodan Undagoitia and Ludwig Rauch},
  title={Dark matter direct-detection experiments},
  journal={Journal of Physics G: Nuclear and Particle Physics},
  volume={43},
  number={1},
  pages={013001},
  url={http://stacks.iop.org/0954-3899/43/i=1/a=013001},
  year={2016}
}
	
%AR on DD but it's extra old
@article{doi:10.1146/annurev.nucl.54.070103.181244,
author = {Richard J.  Gaitskell},
title = {DIRECT DETECTION OF DARK MATTER},
journal = {Annual Review of Nuclear and Particle Science},
volume = {54},
number = {1},
pages = {315-359},
year = {2004},
doi = {10.1146/annurev.nucl.54.070103.181244},
URL = {https://doi.org/10.1146/annurev.nucl.54.070103.181244},
}

%Gravitational probes
@article{Buckley:2017ijx,
      author         = "Buckley, Matthew R. and Peter, Annika H. G.",
      title          = "{Gravitational probes of dark matter physics}",
      year           = "2017",
      eprint         = "1712.06615",
      archivePrefix  = "arXiv",
      primaryClass   = "astro-ph.CO",
      SLACcitation   = "%%CITATION = ARXIV:1712.06615;%%"
}

%RGE 
@article{DEramo:2014nmf,
      author         = "D'Eramo, Francesco and Procura, Massimiliano",
      title          = "{Connecting Dark Matter UV Complete Models to Direct
                        Detection Rates via Effective Field Theory}",
      journal        = "JHEP",
      volume         = "04",
      year           = "2015",
      pages          = "054",
      doi            = "10.1007/JHEP04(2015)054",
      eprint         = "1411.3342",
      archivePrefix  = "arXiv",
      primaryClass   = "hep-ph",
      reportNumber   = "UCB-PTH-14-38, UWTHPH-2014-27",
      SLACcitation   = "%%CITATION = ARXIV:1411.3342;%%"
}

%SuperCDMS

@article{Agnese:2016cpb,
      author         = "Agnese, R. and others",
      title          = "{Projected Sensitivity of the SuperCDMS SNOLAB
                        experiment}",
      collaboration  = "SuperCDMS",
      journal        = "Phys. Rev.",
      volume         = "D95",
      year           = "2017",
      number         = "8",
      pages          = "082002",
      doi            = "10.1103/PhysRevD.95.082002",
      eprint         = "1610.00006",
      archivePrefix  = "arXiv",
      primaryClass   = "physics.ins-det",
      reportNumber   = "FERMILAB-PUB-16-467-AE",
      SLACcitation   = "%%CITATION = ARXIV:1610.00006;%%"
}

%mono-jet with EFT, full dataset

@article{Aad:2015zva,
      author = "{ATLAS Collaboration}",
      title          = "{Search for new phenomena in final states with an
                        energetic jet and large missing transverse momentum in pp
                        collisions at $\sqrt{s}=$8 TeV with the ATLAS detector}",
      collaboration  = "ATLAS",
      journal        = "Eur. Phys. J.",
      volume         = "C75",
      year           = "2015",
      number         = "7",
      pages          = "299",
      doi            = "10.1140/epjc/s10052-015-3517-3,
                        10.1140/epjc/s10052-015-3639-7",
      note           = "[Erratum: Eur. Phys. J.C75,no.9,408(2015)]",
      eprint         = "1502.01518",
      archivePrefix  = "arXiv",
      primaryClass   = "hep-ex",
      reportNumber   = "CERN-PH-EP-2014-299",
      SLACcitation   = "%%CITATION = ARXIV:1502.01518;%%"
}


%PICO
@article{PhysRevLett.118.251301,
  title = {Dark Matter Search Results from the $\mathrm{PICO}\text{\ensuremath{-}}60{\text{ }\mathrm{C}}_{3}{\mathrm{F}}_{8}$ Bubble Chamber},
  author = {PICO Collaboration},
  journal = {Phys. Rev. Lett.},
  volume = {118},
  issue = {25},
  pages = {251301},
  numpages = {6},
  year = {2017},
  month = {Jun},
  publisher = {American Physical Society},
  doi = {10.1103/PhysRevLett.118.251301},
  url = {https://link.aps.org/doi/10.1103/PhysRevLett.118.251301}
}

%CTA future sensitivity
@article{Balazs:2017hxh,
      author         = "Balazs, Csaba and Conrad, Jan and Farmer, Ben and
                        Jacques, Thomas and Li, Tong and Meyer, Manuel and
                        Queiroz, Farinaldo S. and Sï¿œnchez-Conde, Migual A.",
      title          = "{Sensitivity of the Cherenkov Telescope Array to the
                        detection of a dark matter signal in comparison to direct
                        detection and collider experiments}",
      journal        = "Phys. Rev.",
      volume         = "D96",
      year           = "2017",
      number         = "8",
      pages          = "083002",
      doi            = "10.1103/PhysRevD.96.083002",
      eprint         = "1706.01505",
      archivePrefix  = "arXiv",
      primaryClass   = "astro-ph.HE",
      SLACcitation   = "%%CITATION = ARXIV:1706.01505;%%"
}

%IceCube
@article{Aartsen:2016zhm,
      author         = "Aartsen, M. G. and others",
      title          = "{Search for annihilating dark matter in the Sun with 3
                        years of IceCube data}",
      collaboration  = "IceCube",
      journal        = "Eur. Phys. J.",
      volume         = "C77",
      year           = "2017",
      number         = "3",
      pages          = "146",
      doi            = "10.1140/epjc/s10052-017-4689-9",
      eprint         = "1612.05949",
      archivePrefix  = "arXiv",
      primaryClass   = "astro-ph.HE",
      SLACcitation   = "%%CITATION = ARXIV:1612.05949;%%"
}

%Linda's ID
@article{Carpenter:2016thc,
      author         = "Carpenter, Linda M. and Colburn, Russell and Goodman,
                        Jessica and Linden, Tim",
      title          = "{Indirect Detection Constraints on s and t Channel
                        Simplified Models of Dark Matter}",
      journal        = "Phys. Rev.",
      volume         = "D94",
      year           = "2016",
      number         = "5",
      pages          = "055027",
      doi            = "10.1103/PhysRevD.94.055027",
      eprint         = "1606.04138",
      archivePrefix  = "arXiv",
      primaryClass   = "hep-ph",
      SLACcitation   = "%%CITATION = ARXIV:1606.04138;%%"
}

%Thomas's Z' with DD/ID and relic
@article{Jacques:2016dqz,
      author         = "Jacques, Thomas and Katz, Andrey and Morgante, Enrico and
                        Racco, Davide and Rameez, Mohamed and Riotto, Antonio",
      title          = "{Complementarity of DM searches in a consistent
                        simplified model: the case of $Z?$}",
      journal        = "JHEP",
      volume         = "10",
      year           = "2016",
      pages          = "071",
      doi            = "10.1007/JHEP10(2016)071",
      eprint         = "1605.06513",
      archivePrefix  = "arXiv",
      primaryClass   = "hep-ph",
      reportNumber   = "CERN-TH-2016-099, SISSA-22-2016-FISI",
      SLACcitation   = "%%CITATION = ARXIV:1605.06513;%%"
}



%Gambit (do not cite darkbit because it's in here and we are running out of citations)
@article{Athron:2017kgt,
      author         = "{GAMBIT Collaboration}",
      title          = "{Status of the scalar singlet dark matter model}",
      journal        = "Eur. Phys. J.",
      volume         = "C77",
      year           = "2017",
      number         = "8",
      pages          = "568",
      doi            = "10.1140/epjc/s10052-017-5113-1",
      eprint         = "1705.07931",
      archivePrefix  = "arXiv",
      primaryClass   = "hep-ph",
      reportNumber   = "COEPP-MN-17-10",
      SLACcitation   = "%%CITATION = ARXIV:1705.07931;%%"
}

@online{CMSSummary,
 author  = "{CMS Collaboration}",
 title   = "{Dark Matter Summary Plots from CMS for LHCP and EPS 2017}",
 year    = "2017",
 urlseen = "10-12-17",
 url     = "https://twiki.cern.ch/twiki/pub/CMSPublic/PhysicsResultsEXO/DM-summary-plots-Jul17.pdf",
 note    = "\url{https://twiki.cern.ch/twiki/pub/CMSPublic/PhysicsResultsEXO/DM-summary-plots-Jul17.pdf}",
}

@online{ATLASSummary,
 author  = "{ATLAS Collaboration}",
 title   = "{Summary plots from the ATLAS Exotic physics group}",
 year    = "2017",
 urlseen = "10-12-17",
 url     = "https://atlas.web.cern.ch/Atlas/GROUPS/PHYSICS/CombinedSummaryPlots/EXOTICS/index.html#ATLAS_DarkMatter_Summary",
 note    = "\url{https://atlas.web.cern.ch/Atlas/GROUPS/PHYSICS/CombinedSummaryPlots/EXOTICS/index.html#ATLAS_DarkMatter_Summary}",
}


%Uncertainties from halo

@article{Feldstein:2014ufa,
      author         = "Feldstein, Brian and Kahlhoefer, Felix",
      title          = "{Quantifying (dis)agreement between direct detection
                        experiments in a halo-independent way}",
      journal        = "JCAP",
      volume         = "1412",
      year           = "2014",
      number         = "12",
      pages          = "052",
      doi            = "10.1088/1475-7516/2014/12/052",
      eprint         = "1409.5446",
      archivePrefix  = "arXiv",
      primaryClass   = "hep-ph",
      reportNumber   = "OUTP-14-14P",
      SLACcitation   = "%%CITATION = ARXIV:1409.5446;%%"
}

@article{PhysRevD.57.3256,
  title = {Galactic halo models and particle dark-matter detection},
  author = {Kamionkowski, Marc and Kinkhabwala, Ali},
  journal = {Phys. Rev. D},
  volume = {57},
  issue = {6},
  pages = {3256--3263},
  numpages = {0},
  year = {1998},
  month = {Mar},
  publisher = {American Physical Society},
  doi = {10.1103/PhysRevD.57.3256},
  url = {https://link.aps.org/doi/10.1103/PhysRevD.57.3256}
}

%uncertainties

@book{d300ef23986a49099715e661295a4d72,
title = "Uncertainties in dark matter indirect detection",
author = "Katie Auchettl and Csaba Balazs",
year = "2012",
isbn = "9789535108801",
pages = "87 -- 109",
editor = "Olmo, {Gonzalo J}",
booktitle = "Open Questions in Cosmology",
publisher = "In-Tech",
}

%Katie Auchettl and Csaba Balázs (November 12th 2012). Uncertainties in Dark Matter Indirect Detection, Open Questions in Cosmology Gonzalo J. Olmo, IntechOpen, DOI: 10.5772/52052. Available from: https://www.intechopen.com/books/open-questions-in-cosmology/uncertainties-in-dark-matter-indirect-detection-

%%%%%
%Relic 

%Planck relic density
@article{Ade:2015xua,
      author         = "Ade, P. A. R. and others",
      title          = "{Planck 2015 results. XIII. Cosmological parameters}",
      collaboration  = "Planck",
      journal        = "Astron. Astrophys.",
      volume         = "594",
      year           = "2016",
      pages          = "A13",
      doi            = "10.1051/0004-6361/201525830",
      eprint         = "1502.01589",
      archivePrefix  = "arXiv",
      primaryClass   = "astro-ph.CO",
      SLACcitation   = "%%CITATION = ARXIV:1502.01589;%%"
}

%MicrOMEGAs
@article{Barducci:2016pcb,
      author         = "Barducci, D. and Belanger, G. and Bernon, J. and
                        Boudjema, F. and Da Silva, J. and Kraml, S. and Laa, U.
                        and Pukhov, A.",
      title          = "{Collider limits on new physics within micrOMEGAs_4.3}",
      journal        = "Comput. Phys. Commun.",
      volume         = "222",
      year           = "2018",
      pages          = "327-338",
      doi            = "10.1016/j.cpc.2017.08.028",
      eprint         = "1606.03834",
      archivePrefix  = "arXiv",
      primaryClass   = "hep-ph",
      SLACcitation   = "%%CITATION = ARXIV:1606.03834;%%"
}

%MadDM
@article{Backovic:2015cra,
      author         = "Backovic, Mihailo and Martini, Antony and Mattelaer,
                        Olivier and Kong, Kyoungchul and Mohlabeng, Gopolang",
      title          = "{Direct Detection of Dark Matter with MadDM v.2.0}",
      journal        = "Phys. Dark Univ.",
      volume         = "9-10",
      year           = "2015",
      pages          = "37-50",
      doi            = "10.1016/j.dark.2015.09.001",
      eprint         = "1505.04190",
      archivePrefix  = "arXiv",
      primaryClass   = "hep-ph",
      SLACcitation   = "%%CITATION = ARXIV:1505.04190;%%"
}

%Compatibility of discovery from Xenon1T/LZ with relic for simplified models
@article{Catena:2017xqq,
      author         = "Catena, Riccardo and Conrad, Jan and Krauss, Martin B.",
      title          = "{Compatibility of a dark matter discovery at XENONnT/LZ
                        with the WIMP thermal production mechanism}",
      year           = "2017",
      eprint         = "1712.07969",
      archivePrefix  = "arXiv",
      primaryClass   = "hep-ph",
      SLACcitation   = "%%CITATION = ARXIV:1712.07969;%%"
}

%How relic can be used as a guiding principle for searches
@article{Busoni:2014gta,
      author         = "Busoni, Giorgio and De Simone, Andrea and Jacques, Thomas
                        and Morgante, Enrico and Riotto, Antonio",
      title          = "{Making the Most of the Relic Density for Dark Matter
                        Searches at the LHC 14 TeV Run}",
      journal        = "JCAP",
      volume         = "1503",
      year           = "2015",
      number         = "03",
      pages          = "022",
      doi            = "10.1088/1475-7516/2015/03/022",
      eprint         = "1410.7409",
      archivePrefix  = "arXiv",
      primaryClass   = "hep-ph",
      SLACcitation   = "%%CITATION = ARXIV:1410.7409;%%"
}


%%%%
%05 Future
%%%%


@article{ATL-DAQ-PUB-2017-003,
      author = "{ATLAS Collaboration}",
      title         = "{Trigger-object Level Analysis with the ATLAS detector at
                       the Large Hadron Collider: summary and perspectives}",
      institution   = "CERN",
      collaboration = "{ATLAS Collaboration}",
      address       = "Geneva",
      number        = "ATL-DAQ-PUB-2017-003",
      month         = "Dec",
      year          = "2017",
      reportNumber  = "ATL-DAQ-PUB-2017-003",
      url           = "https://cds.cern.ch/record/2295739",
}

@article{Ilten:2018crw,
      author         = "Ilten, Philip and Soreq, Yotam and Williams, Mike and
                        Xue, Wei",
      title          = "{Serendipity in dark photon searches}",
      year           = "2018",
      eprint         = "1801.04847",
      archivePrefix  = "arXiv",
      primaryClass   = "hep-ph",
      reportNumber   = "MIT-CTP/4976, MIT-CTP-4976, CERN-TH-2017-282",
      SLACcitation   = "%%CITATION = ARXIV:1801.04847;%%"
}

@article{Ilten:2016tkc,
      author         = "Ilten, Philip and others",
      title          = "{Proposed Inclusive Dark Photon Search at LHCb}",
      journal        = "Phys. Rev. Lett.",
      volume         = "116",
      year           = "2016",
      number         = "25",
      pages          = "251803",
      doi            = "10.1103/PhysRevLett.116.251803",
      eprint         = "1603.08926",
      archivePrefix  = "arXiv",
      primaryClass   = "hep-ph",
      reportNumber   = "MIT-CTP-4785",
      SLACcitation   = "%%CITATION = ARXIV:1603.08926;%%"
}


@article{Campana:2016cqm,
      author         = "Campana, Pierluigi and Klute, Markus and Wells, Pippa",
      title          = "{Physics Goals and Experimental Challenges of the
                        Proton-Proton High-Luminosity Operation of the LHC}",
      journal        = "Ann. Rev. Nucl. Part. Sci.",
      volume         = "66",
      year           = "2016",
      pages          = "273-295",
      doi            = "10.1146/annurev-nucl-102115-044812",
      eprint         = "1603.09549",
      archivePrefix  = "arXiv",
      primaryClass   = "hep-ex",
      SLACcitation   = "%%CITATION = ARXIV:1603.09549;%%"
}

@article{Liu:2017zdh,
      author         = "Liu, Jia and Wang, Lian-Tao and Wang, Xiao-Ping and Xue,
                        Wei",
      title          = "{Exposing Dark Sector with Future Z-Factories}",
      year           = "2017",
      eprint         = "1712.07237",
      archivePrefix  = "arXiv",
      primaryClass   = "hep-ph",
      reportNumber   = "CERN-TH-2017-278, EFI-17-28, MITP-17-102, MIT-CTP-4972",
      SLACcitation   = "%%CITATION = ARXIV:1712.07237;%%"
}

@article{Ilten:2016tkc,
      author         = "Ilten, Philip and Soreq, Yotam and Thaler, Jesse and
                        Williams, Mike and Xue, Wei",
      title          = "{Proposed Inclusive Dark Photon Search at LHCb}",
      journal        = "Phys. Rev. Lett.",
      volume         = "116",
      year           = "2016",
      number         = "25",
      pages          = "251803",
      doi            = "10.1103/PhysRevLett.116.251803",
      eprint         = "1603.08926",
      archivePrefix  = "arXiv",
      primaryClass   = "hep-ph",
      reportNumber   = "MIT-CTP-4785",
      SLACcitation   = "%%CITATION = ARXIV:1603.08926;%%"
}

@article{Golling:2016gvc,
      author         = "Golling, T. and others",
      title          = "{Physics at a 100 TeV pp collider: beyond the Standard
                        Model phenomena}",
      journal        = "CERN Yellow Report",
      year           = "2017",
      number         = "3",
      pages          = "441-634",
      doi            = "10.23731/CYRM-2017-003.441",
      eprint         = "1606.00947",
      archivePrefix  = "arXiv",
      primaryClass   = "hep-ph",
      reportNumber   = "CERN-TH-2016-111, FERMILAB-PUB-16-296-T",
      SLACcitation   = "%%CITATION = ARXIV:1606.00947;%%"
}

@article{Alves:2016cqf,
      author         = "Alves, Alexandre and Arcadi, Giorgio and Mambrini, Yann
                        and Profumo, Stefano and Queiroz, Farinaldo S.",
      title          = "{Augury of darkness: the low-mass dark Z$^{?}$ portal}",
      journal        = "JHEP",
      volume         = "04",
      year           = "2017",
      pages          = "164",
      doi            = "10.1007/JHEP04(2017)164",
      eprint         = "1612.07282",
      archivePrefix  = "arXiv",
      primaryClass   = "hep-ph",
      SLACcitation   = "%%CITATION = ARXIV:1612.07282;%%"
}

@article{Blumenschein:2018gtm,
      author         = "Blumenschein, Ulla and others",
      title          = "{Pushing the precision frontier at the LHC with V+jets}",
      url            = "https://inspirehep.net/record/1653450/files/1802.02100.pdf",
      year           = "2018",
      eprint         = "1802.02100",
      archivePrefix  = "arXiv",
      primaryClass   = "hep-ex",
      SLACcitation   = "%%CITATION = ARXIV:1802.02100;%%"
}

@techreport{CMS-PAS-FTR-16-005,
      title         = "{Estimated Sensitivity for New Particle Searches at the
                       HL-LHC}",
      institution   = "CERN",
      collaboration = "CMS Collaboration",
      address       = "Geneva",
      number        = "CMS-PAS-FTR-16-005",
      year          = "2017",
      reportNumber  = "CMS-PAS-FTR-16-005",
      url           = "https://cds.cern.ch/record/2274436",
}

%%%%%
%%%%%
%%%%%
%%%%%
%%%%%
%%%%%

%%%ATLAS
%%%MonoX 


%2015 monoHbb

@article{Aaboud:2016obm,
      author = "{ATLAS Collaboration}",
      title          = "{Search for dark matter in association with a Higgs boson
                        decaying to $b$-quarks in $pp$ collisions at $\sqrt
                        s=13$ TeV with the ATLAS detector}",
      collaboration  = "ATLAS",
      journal        = "Phys. Lett.",
      volume         = "B765",
      year           = "2017",
      pages          = "11-31",
      doi            = "10.1016/j.physletb.2016.11.035",
      eprint         = "1609.04572",
      archivePrefix  = "arXiv",
      primaryClass   = "hep-ex",
      reportNumber   = "CERN-EP-2016-181",
      SLACcitation   = "%%CITATION = ARXIV:1609.04572;%%"
}


%2015 monojet, 13 TeV

@article{Aaboud:2016tnv,
      author = "{ATLAS Collaboration}",
      title          = "{Search for new phenomena in final states with an
                        energetic jet and large missing transverse momentum in
                        $pp$ collisions at $\sqrt{s}=13$ TeV using the ATLAS
                        detector}",
      collaboration  = "ATLAS",
      journal        = "Phys. Rev.",
      volume         = "D94",
      year           = "2016",
      number         = "3",
      pages          = "032005",
      doi            = "10.1103/PhysRevD.94.032005",
      eprint         = "1604.07773",
      archivePrefix  = "arXiv",
      primaryClass   = "hep-ex",
      reportNumber   = "CERN-EP-2016-075",
      SLACcitation   = "%%CITATION = ARXIV:1604.07773;%%"
}

%2015 monophoton, 13 TeV

@article{Aaboud:2016uro,
      author = "{ATLAS Collaboration}",
      title          = "{Search for new phenomena in events with a photon and
                        missing transverse momentum in $pp$ collisions at
                        $\sqrt{s}=13$ TeV with the ATLAS detector}",
      collaboration  = "ATLAS",
      journal        = "JHEP",
      volume         = "06",
      year           = "2016",
      pages          = "059",
      doi            = "10.1007/JHEP06(2016)059",
      eprint         = "1604.01306",
      archivePrefix  = "arXiv",
      primaryClass   = "hep-ex",
      reportNumber   = "CERN-EP-2016-060",
      SLACcitation   = "%%CITATION = ARXIV:1604.01306;%%"
}

%First monoHiggs, 8 TeV

@article{Aad:2015dva,
      author = "{ATLAS Collaboration}",
      title          = "{Search for dark matter produced in association with a
                        Higgs boson decaying to two bottom quarks in $pp$
                        collisions at $\sqrt{s} = 8$ TeV with the ATLAS detector}",
      collaboration  = "ATLAS",
      journal        = "Phys. Rev.",
      volume         = "D93",
      year           = "2016",
      number         = "7",
      pages          = "072007",
      doi            = "10.1103/PhysRevD.93.072007",
      eprint         = "1510.06218",
      archivePrefix  = "arXiv",
      primaryClass   = "hep-ex",
      reportNumber   = "CERN-PH-EP-2015-247",
      SLACcitation   = "%%CITATION = ARXIV:1510.06218;%%"
}


@article{Aad:2015yga,
      author = "{ATLAS Collaboration}",
      title          = "{Search for Dark Matter in Events with Missing Transverse
                        Momentum and a Higgs Boson Decaying to Two Photons in $pp$
                        Collisions at $\sqrt{s}=8$ TeV with the ATLAS Detector}",
      collaboration  = "ATLAS",
      journal        = "Phys. Rev. Lett.",
      volume         = "115",
      year           = "2015",
      number         = "13",
      pages          = "131801",
      doi            = "10.1103/PhysRevLett.115.131801",
      eprint         = "1506.01081",
      archivePrefix  = "arXiv",
      primaryClass   = "hep-ex",
      reportNumber   = "CERN-PH-EP-2015-120",
      SLACcitation   = "%%CITATION = ARXIV:1506.01081;%%"
}


%mono-jet with EFT, 8 TeV, first one

@article{Aad:2014tda,
      author = "{ATLAS Collaboration}",
      title          = "{Search for new phenomena in events with a photon and
                        missing transverse momentum in $pp$ collisions at
                        $\sqrt{s}=8$ TeV with the ATLAS detector}",
      collaboration  = "ATLAS",
      journal        = "Phys. Rev.",
      volume         = "D91",
      year           = "2015",
      number         = "1",
      pages          = "012008",
      doi            = "10.1103/PhysRevD.92.059903, 10.1103/PhysRevD.91.012008",
      note           = "[Erratum: Phys. Rev.D92,no.5,059903(2015)]",
      eprint         = "1411.1559",
      archivePrefix  = "arXiv",
      primaryClass   = "hep-ex",
      reportNumber   = "CERN-PH-EP-2014-245",
      SLACcitation   = "%%CITATION = ARXIV:1411.1559;%%"
}



%LLP displaced jets

@article{Aad:2015uaa,
      author = "{ATLAS Collaboration}",
      title          = "{Search for long-lived, weakly interacting particles that
                        decay to displaced hadronic jets in proton-proton
                        collisions at $\sqrt{s}=8$ TeV with the ATLAS detector}",
      collaboration  = "ATLAS",
      journal        = "Phys. Rev.",
      volume         = "D92",
      year           = "2015",
      number         = "1",
      pages          = "012010",
      doi            = "10.1103/PhysRevD.92.012010",
      eprint         = "1504.03634",
      archivePrefix  = "arXiv",
      primaryClass   = "hep-ex",
      reportNumber   = "CERN-PH-EP-2015-071",
      SLACcitation   = "%%CITATION = ARXIV:1504.03634;%%"
}

%LLP neutral

@article{Aad:2015asa,
      author = "{ATLAS Collaboration}",
      title          = "{Search for pair-produced long-lived neutral particles
                        decaying in the ATLAS hadronic calorimeter in $pp$
                        collisions at $\sqrt{s}$ = 8 TeV}",
      collaboration  = "ATLAS",
      journal        = "Phys. Lett.",
      volume         = "B743",
      year           = "2015",
      pages          = "15-34",
      doi            = "10.1016/j.physletb.2015.02.015",
      eprint         = "1501.04020",
      archivePrefix  = "arXiv",
      primaryClass   = "hep-ex",
      reportNumber   = "CERN-PH-EP-2014-228",
      SLACcitation   = "%%CITATION = ARXIV:1501.04020;%%"
}


%prompt
@article{Aad:2015sms,
      author         = "Aad, Georges and others",
      title          = "{A search for prompt lepton-jets in $pp$ collisions at
                        $\sqrt{s}=$ 8 TeV with the ATLAS detector}",
      collaboration  = "ATLAS",
      journal        = "JHEP",
      volume         = "02",
      year           = "2016",
      pages          = "062",
      doi            = "10.1007/JHEP02(2016)062",
      eprint         = "1511.05542",
      archivePrefix  = "arXiv",
      primaryClass   = "hep-ex",
      reportNumber   = "CERN-PH-EP-2015-242",
      SLACcitation   = "%%CITATION = ARXIV:1511.05542;%%"
}


%LLP electron-jet
@article{Aad:2013yqp,
      author = "{ATLAS Collaboration}",
      title          = "{Search for WH production with a light Higgs boson
                        decaying to prompt electron-jets in proton-proton
                        collisions at $\sqrt{s}$=7 TeV with the ATLAS detector}",
      collaboration  = "ATLAS",
      journal        = "New J. Phys.",
      volume         = "15",
      year           = "2013",
      pages          = "043009",
      doi            = "10.1088/1367-2630/15/4/043009",
      eprint         = "1302.4403",
      archivePrefix  = "arXiv",
      primaryClass   = "hep-ex",
      reportNumber   = "CERN-PH-EP-2012-365",
      SLACcitation   = "%%CITATION = ARXIV:1302.4403;%%"
}






