@online{antiproton,
 author  = "{Bock, N. }",
 title   = "{Antiproton discovery}",
 year    = "2009",
 urlseen = "01-12-21",
 url     = "https://www.symmetrymagazine.org/article/october-2009/antiproton-discovery",
 note    = "\url{https://www.symmetrymagazine.org/article/october-2009/antiproton-discovery}",
}

@Article{LHC2008,
  Author = {Evans, L. and Bryant, P.},
  Title = "{{LHC Machine}}",
  Year = {2008},
  Journal = {{JINST}}, 
  Volume = {3},
  Pages = {{S08001}},
  doi = {10.1088/1748-0221/3/08/S08001},
  url = {http://dx.doi.org/10.1088/1748-0221/3/08/S08001},
  Annote = {{The LHC in JINST.}}
}

@online{LHC,
 author  = "{CERN}",
 title   = "{The Large Hadron Collider}",
 year    = "2020",
 urlseen = "01-12-21",
 url     = "https://home.cern/science/accelerators/large-hadron-collider",
 note    = "\url{https://home.cern/science/accelerators/large-hadron-collider}",
}



@Article{ATLAS2008,
  Author = "{{ATLAS Collaboration}}",
  Title = {{The ATLAS Experiment at the CERN Large Hadron Collider}},
  Year = {2008},
  Journal = {{JINST}},
  Volume = {3},
  Pages = {{S08003}},
  doi = {10.1088/1748-0221/3/08/S08003},
  url = {http://dx.doi.org/10.1088/1748-0221/3/08/S08003},
  Annote = {{The ATLAS experiment in JINST.}}
}

@online{Higgs-feature,
 author  = "{Gray Heather, Mansouli\'e Bruno}",
 title   = "{The Higgs boson: the hunt, the discovery, the study and some future perspectives}",
 year    = "2018",
 urlseen = "01-12-21",
 url     = "https://atlas.cern/updates/feature/higgs-boson",
 note    = "\url{https://atlas.cern/updates/feature/higgs-boson}",
}

@article{Aad:2012tfa,
      author = "{ATLAS Collaboration}",
      title          = "{Observation of a new particle in the search for the
                        Standard Model Higgs boson with the ATLAS detector at the
                        LHC}",
      collaboration  = "ATLAS",
      journal        = "Phys. Lett.",
      volume         = "B716",
      year           = "2012",
      pages          = "1-29",
      doi            = "10.1016/j.physletb.2012.08.020",
      eprint         = "1207.7214",
      archivePrefix  = "arXiv",
      primaryClass   = "hep-ex",
      reportNumber   = "CERN-PH-EP-2012-218",
      SLACcitation   = "%%CITATION = ARXIV:1207.7214;%%"
}

\@online{ATLAS,
 author  = "{ATLAS Collaboration}",
 title   = "{Discover the ATLAS detector}",
 year    = "2018",
 urlseen = "01-12-21",
 url     = "https://atlas.cern/discover/detector",
 note    = "\url{https://atlas.cern/updates/feature/higgs-boson}",
}

